week_ending,month,week_of_month,week_of_year,store,concept,sales,group_meal,guest_count
1/8/2017,Jan,1,1,MF1,Mighty Fine,58250,0,6150
1/8/2017,Jan,1,1,MF2,Mighty Fine,48866,0,5221
1/8/2017,Jan,1,1,MF3,Mighty Fine,48782,0,5243
1/8/2017,Jan,1,1,MF4,Mighty Fine,52862,0,5794
1/8/2017,Jan,1,1,MFT1,Mighty Fine,2830,0,277
1/8/2017,Jan,1,1,MFT2,Mighty Fine,15458,0,1473
1/8/2017,Jan,1,1,Lamar,Rudys,0,0,0
1/8/2017,Jan,1,1,620,Rudys,101497,9743.96,5393
1/8/2017,Jan,1,1,Round Rock,Rudys,165039,10964.07,8921
1/8/2017,Jan,1,1,360,Rudys,146217,12162.74,8052
1/8/2017,Jan,1,1,183,Rudys,178988,22007.49,9657
1/15/2017,Jan,2,2,MF1,Mighty Fine,59350,0,6192
1/15/2017,Jan,2,2,MF2,Mighty Fine,48000,0,5161
1/15/2017,Jan,2,2,MF3,Mighty Fine,51087,0,5423
1/15/2017,Jan,2,2,MF4,Mighty Fine,52139,0,5694
1/15/2017,Jan,2,2,MFT1,Mighty Fine,3724,0,377
1/15/2017,Jan,2,2,MFT2,Mighty Fine,18189,0,1724
1/15/2017,Jan,2,2,Lamar,Rudys,0,0,0
1/15/2017,Jan,2,2,620,Rudys,106385,8794.11,5320
1/15/2017,Jan,2,2,Round Rock,Rudys,189809,17056.87,9456
1/15/2017,Jan,2,2,360,Rudys,174061,28383.42,8015
1/15/2017,Jan,2,2,183,Rudys,220394,43537.78,9993
1/22/2017,Jan,3,3,MF1,Mighty Fine,56338,0,6000
1/22/2017,Jan,3,3,MF2,Mighty Fine,49850,0,5330
1/22/2017,Jan,3,3,MF3,Mighty Fine,53053,0,5617
1/22/2017,Jan,3,3,MF4,Mighty Fine,55112,0,6139
1/22/2017,Jan,3,3,MFT1,Mighty Fine,3071,0,305
1/22/2017,Jan,3,3,MFT2,Mighty Fine,19187,0,1793
1/22/2017,Jan,3,3,Lamar,Rudys,0,0,0
1/22/2017,Jan,3,3,620,Rudys,106985,11486.56,5313
1/22/2017,Jan,3,3,360,Rudys,163283,17878.67,7948
1/22/2017,Jan,3,3,Round Rock,Rudys,190255,21152.43,9224
1/22/2017,Jan,3,3,183,Rudys,221491,40206.73,10293
1/29/2017,Jan,4,4,MF1,Mighty Fine,57545,0,5998
1/29/2017,Jan,4,4,MF2,Mighty Fine,47732,0,5059
1/29/2017,Jan,4,4,MF3,Mighty Fine,50159,0,5358
1/29/2017,Jan,4,4,MF4,Mighty Fine,55399,0,6074
1/29/2017,Jan,4,4,MFT1,Mighty Fine,3135,0,317
1/29/2017,Jan,4,4,MFT2,Mighty Fine,19776,0,1828
1/29/2017,Jan,4,4,Lamar,Rudys,0,0,0
1/29/2017,Jan,4,4,620,Rudys,111984,16211.24,5201
1/29/2017,Jan,4,4,Round Rock,Rudys,195736,20710.03,9472
1/29/2017,Jan,4,4,360,Rudys,174367,29798.79,7872
1/29/2017,Jan,4,4,183,Rudys,212698,38997.69,9806
2/5/2017,Feb,1,5,MF1,Mighty Fine,54082,0,5717
2/5/2017,Feb,1,5,MF2,Mighty Fine,47477,0,5079
2/5/2017,Feb,1,5,MF3,Mighty Fine,47105,0,4999
2/5/2017,Feb,1,5,MF4,Mighty Fine,51988,0,5671
2/5/2017,Feb,1,5,MFT1,Mighty Fine,1603,0,163
2/5/2017,Feb,1,5,MFT2,Mighty Fine,18308,0,1705
2/5/2017,Feb,1,5,Lamar,Rudys,0,0,0
2/5/2017,Feb,1,5,620,Rudys,113416,15478.37,5316
2/5/2017,Feb,1,5,Round Rock,Rudys,205476,25394.25,9802
2/5/2017,Feb,1,5,360,Rudys,185176,37801.21,7999
2/5/2017,Feb,1,5,183,Rudys,222036,43501.67,10078
2/12/2017,Feb,2,6,MF1,Mighty Fine,56685,0,5966
2/12/2017,Feb,2,6,MF2,Mighty Fine,48329,0,5166
2/12/2017,Feb,2,6,MF3,Mighty Fine,53325,0,5700
2/12/2017,Feb,2,6,MF4,Mighty Fine,58006,0,6303
2/12/2017,Feb,2,6,MFT1,Mighty Fine,1736,0,170
2/12/2017,Feb,2,6,MFT2,Mighty Fine,21126,0,2108
2/12/2017,Feb,2,6,Lamar,Rudys,0,0,0
2/12/2017,Feb,2,6,620,Rudys,109939,12132.02,5249
2/12/2017,Feb,2,6,Round Rock,Rudys,191605,18167.39,9505
2/12/2017,Feb,2,6,183,Rudys,208197,28803.36,10044
2/12/2017,Feb,2,6,360,Rudys,181873,29016.81,8159
2/19/2017,Feb,3,7,MF1,Mighty Fine,57921,0,6054
2/19/2017,Feb,3,7,MF2,Mighty Fine,51046,0,5462
2/19/2017,Feb,3,7,MF3,Mighty Fine,55388,0,5867
2/19/2017,Feb,3,7,MF4,Mighty Fine,56821,0,6278
2/19/2017,Feb,3,7,MFT1,Mighty Fine,14264,0,1006
2/19/2017,Feb,3,7,MFT2,Mighty Fine,19034,0,1952
2/19/2017,Feb,3,7,Lamar,Rudys,0,0,0
2/19/2017,Feb,3,7,620,Rudys,107697,8876.79,5473
2/19/2017,Feb,3,7,Round Rock,Rudys,206246,17666.77,10296
2/19/2017,Feb,3,7,360,Rudys,202449,36855.24,8549
2/19/2017,Feb,3,7,183,Rudys,224580,38546.41,10409
2/26/2017,Feb,4,8,MF1,Mighty Fine,59702,0,6221
2/26/2017,Feb,4,8,MF2,Mighty Fine,50551,0,5366
2/26/2017,Feb,4,8,MF3,Mighty Fine,54590,0,5747
2/26/2017,Feb,4,8,MF4,Mighty Fine,58320,0,6357
2/26/2017,Feb,4,8,MFT1,Mighty Fine,7279,0,427
2/26/2017,Feb,4,8,MFT2,Mighty Fine,19539,0,2007
2/26/2017,Feb,4,8,Lamar,Rudys,0,0,0
2/26/2017,Feb,4,8,620,Rudys,120157,14836.16,5737
2/26/2017,Feb,4,8,Round Rock,Rudys,221579,22101.9,10818
2/26/2017,Feb,4,8,360,Rudys,195714,36299.48,8885
2/26/2017,Feb,4,8,183,Rudys,229467,39711.34,10706
3/5/2017,Mar,1,9,MF1,Mighty Fine,55033,0,5788
3/5/2017,Mar,1,9,MF2,Mighty Fine,51943,0,5456
3/5/2017,Mar,1,9,MF3,Mighty Fine,52721,0,5609
3/5/2017,Mar,1,9,MF4,Mighty Fine,58558,0,6296
3/5/2017,Mar,1,9,MFT1,Mighty Fine,0,0,0
3/5/2017,Mar,1,9,MFT2,Mighty Fine,18598,0,842
3/5/2017,Mar,1,9,Lamar,Rudys,0,0,0
3/5/2017,Mar,1,9,620,Rudys,116519,14541.35,5522
3/5/2017,Mar,1,9,Round Rock,Rudys,211902,21547.04,10449
3/5/2017,Mar,1,9,360,Rudys,194232,31536.4,8948
3/5/2017,Mar,1,9,183,Rudys,233872,45176.22,10502
3/12/2017,Mar,2,10,MF1,Mighty Fine,55370,0,5719
3/12/2017,Mar,2,10,MF2,Mighty Fine,48227,0,5060
3/12/2017,Mar,2,10,MF3,Mighty Fine,51513,0,5392
3/12/2017,Mar,2,10,MF4,Mighty Fine,57208,0,6147
3/12/2017,Mar,2,10,MFT1,Mighty Fine,7439,0,474
3/12/2017,Mar,2,10,MFT2,Mighty Fine,17767,0,1813
3/12/2017,Mar,2,10,Lamar,Rudys,0,0,0
3/12/2017,Mar,2,10,620,Rudys,113394,11807.81,5491
3/12/2017,Mar,2,10,Round Rock,Rudys,217394,22332.44,10552
3/12/2017,Mar,2,10,183,Rudys,225220,37639.13,10507
3/12/2017,Mar,2,10,360,Rudys,203085,44448.56,8605
3/19/2017,Mar,3,11,MF1,Mighty Fine,62909,0,6438
3/19/2017,Mar,3,11,MF2,Mighty Fine,57117,0,5932
3/19/2017,Mar,3,11,MF3,Mighty Fine,65075,0,6813
3/19/2017,Mar,3,11,MF4,Mighty Fine,65782,0,7028
3/19/2017,Mar,3,11,MFT1,Mighty Fine,17651,0,1066
3/19/2017,Mar,3,11,MFT2,Mighty Fine,19878,0,2058
3/19/2017,Mar,3,11,Lamar,Rudys,0,0,0
3/19/2017,Mar,3,11,620,Rudys,123522,9674.65,5977
3/19/2017,Mar,3,11,Round Rock,Rudys,227170,16315.5,11322
3/19/2017,Mar,3,11,183,Rudys,229512,28391.27,11105
3/19/2017,Mar,3,11,360,Rudys,213257,30413.26,9785
3/26/2017,Mar,4,12,MF1,Mighty Fine,59641,0,6090
3/26/2017,Mar,4,12,MF2,Mighty Fine,51770,0,5366
3/26/2017,Mar,4,12,MF3,Mighty Fine,53039,0,5525
3/26/2017,Mar,4,12,MF4,Mighty Fine,54289,0,5859
3/26/2017,Mar,4,12,MFT1,Mighty Fine,6459,0,407
3/26/2017,Mar,4,12,MFT2,Mighty Fine,19557,0,2023
3/26/2017,Mar,4,12,Lamar,Rudys,0,0,0
3/26/2017,Mar,4,12,620,Rudys,127014,13668.76,6126
3/26/2017,Mar,4,12,Round Rock,Rudys,221115,20804.46,10878
3/26/2017,Mar,4,12,183,Rudys,226097,29781.67,10935
3/26/2017,Mar,4,12,360,Rudys,234876,61314.22,9220
4/2/2017,Mar,5,13,MF1,Mighty Fine,57314,0,5893
4/2/2017,Mar,5,13,MF2,Mighty Fine,50810,0,5296
4/2/2017,Mar,5,13,MF3,Mighty Fine,52535,0,5463
4/2/2017,Mar,5,13,MF4,Mighty Fine,58323,0,6214
4/2/2017,Mar,5,13,MFT1,Mighty Fine,0,0,0
4/2/2017,Mar,5,13,MFT2,Mighty Fine,22100,0,2252
4/2/2017,Mar,5,13,Lamar,Rudys,0,0,0
4/2/2017,Mar,5,13,620,Rudys,123964,12427.31,5939
4/2/2017,Mar,5,13,Round Rock,Rudys,219367,22265.2,10539
4/2/2017,Mar,5,13,360,Rudys,202788,35794.37,8960
4/2/2017,Mar,5,13,183,Rudys,235938,45244.87,10624
4/9/2017,Apr,1,14,MF1,Mighty Fine,58840,0,6107
4/9/2017,Apr,1,14,MF2,Mighty Fine,50106,0,5240
4/9/2017,Apr,1,14,MF3,Mighty Fine,57549,0,6070
4/9/2017,Apr,1,14,MF4,Mighty Fine,59999,0,6450
4/9/2017,Apr,1,14,MFT1,Mighty Fine,9986,0,632
4/9/2017,Apr,1,14,MFT2,Mighty Fine,21433,0,2209
4/9/2017,Apr,1,14,Lamar,Rudys,0,0,0
4/9/2017,Apr,1,14,620,Rudys,131068,16556.01,6167
4/9/2017,Apr,1,14,Round Rock,Rudys,227078,31164.12,10569
4/9/2017,Apr,1,14,360,Rudys,218555,37481.59,9723
4/9/2017,Apr,1,14,183,Rudys,248727,49335.02,11090
4/16/2017,Apr,2,15,MF1,Mighty Fine,54073,0,5522
4/16/2017,Apr,2,15,MF2,Mighty Fine,48242,0,5059
4/16/2017,Apr,2,15,MF3,Mighty Fine,53322,0,5634
4/16/2017,Apr,2,15,MF4,Mighty Fine,55250,0,5934
4/16/2017,Apr,2,15,MFT1,Mighty Fine,1787,0,112
4/16/2017,Apr,2,15,MFT2,Mighty Fine,19286,0,1976
4/16/2017,Apr,2,15,Lamar,Rudys,0,0,0
4/16/2017,Apr,2,15,620,Rudys,130901,16132.73,6199
4/16/2017,Apr,2,15,Round Rock,Rudys,244354,35057.32,11414
4/16/2017,Apr,2,15,360,Rudys,227615,43653.14,9941
4/16/2017,Apr,2,15,183,Rudys,251536,48809.73,11298
4/23/2017,Apr,3,16,MF1,Mighty Fine,61864,0,6375
4/23/2017,Apr,3,16,MF2,Mighty Fine,52075,0,5484
4/23/2017,Apr,3,16,MF3,Mighty Fine,54335,0,5733
4/23/2017,Apr,3,16,MF4,Mighty Fine,56071,0,6095
4/23/2017,Apr,3,16,MFT1,Mighty Fine,3998,0,249
4/23/2017,Apr,3,16,MFT2,Mighty Fine,20951,0,2166
4/23/2017,Apr,3,16,Lamar,Rudys,0,0,0
4/23/2017,Apr,3,16,620,Rudys,123731,13919.81,5970
4/23/2017,Apr,3,16,Round Rock,Rudys,221619,24845.74,10603
4/23/2017,Apr,3,16,360,Rudys,215662,49350.17,8734
4/23/2017,Apr,3,16,183,Rudys,243097,53886.22,10635
4/30/2017,Apr,4,17,MF1,Mighty Fine,59309,0,6031
4/30/2017,Apr,4,17,MF2,Mighty Fine,51820,0,5432
4/30/2017,Apr,4,17,MF3,Mighty Fine,55950,0,5793
4/30/2017,Apr,4,17,MF4,Mighty Fine,56767,0,6164
4/30/2017,Apr,4,17,MFT1,Mighty Fine,0,0,0
4/30/2017,Apr,4,17,MFT2,Mighty Fine,19855,0,999
4/30/2017,Apr,4,17,Lamar,Rudys,0,0,0
4/30/2017,Apr,4,17,620,Rudys,129220,22543.49,5760
4/30/2017,Apr,4,17,Round Rock,Rudys,223481,31872.91,10198
4/30/2017,Apr,4,17,183,Rudys,240584,49704.84,10563
4/30/2017,Apr,4,17,360,Rudys,225628,56959.13,8910
5/7/2017,May,1,18,MF1,Mighty Fine,57322,0,5867
5/7/2017,May,1,18,MF2,Mighty Fine,50203,0,5264
5/7/2017,May,1,18,MF3,Mighty Fine,54705,0,5731
5/7/2017,May,1,18,MF4,Mighty Fine,59630,0,6383
5/7/2017,May,1,18,MFT1,Mighty Fine,3939,0,286
5/7/2017,May,1,18,MFT2,Mighty Fine,22564,0,2242
5/7/2017,May,1,18,Lamar,Rudys,0,0,0
5/7/2017,May,1,18,620,Rudys,129619,17629.8,6068
5/7/2017,May,1,18,Round Rock,Rudys,214728,28987.44,9886
5/7/2017,May,1,18,183,Rudys,237326,47765.94,10495
5/7/2017,May,1,18,360,Rudys,226717,51953.11,9108
5/14/2017,May,2,19,MF1,Mighty Fine,54780,0,5567
5/14/2017,May,2,19,MF2,Mighty Fine,50330,0,5175
5/14/2017,May,2,19,MF3,Mighty Fine,52924,0,5516
5/14/2017,May,2,19,MF4,Mighty Fine,55862,0,6067
5/14/2017,May,2,19,MFT1,Mighty Fine,0,0,0
5/14/2017,May,2,19,MFT2,Mighty Fine,20509,0,658
5/14/2017,May,2,19,Lamar,Rudys,0,0,0
5/14/2017,May,2,19,620,Rudys,137362,19628.96,6250
5/14/2017,May,2,19,Round Rock,Rudys,254136,43412.69,11228
5/14/2017,May,2,19,183,Rudys,251464,48337.08,11294
5/14/2017,May,2,19,360,Rudys,236232,57876.5,9424
5/21/2017,May,3,20,MF1,Mighty Fine,60496,0,6218
5/21/2017,May,3,20,MF2,Mighty Fine,51828,0,5406
5/21/2017,May,3,20,MF3,Mighty Fine,54564,0,5682
5/21/2017,May,3,20,MF4,Mighty Fine,60522,0,6484
5/21/2017,May,3,20,MFT1,Mighty Fine,5926,0,386
5/21/2017,May,3,20,MFT2,Mighty Fine,21176,0,2172
5/21/2017,May,3,20,Lamar,Rudys,0,0,0
5/21/2017,May,3,20,620,Rudys,134459,19162.74,6148
5/21/2017,May,3,20,Round Rock,Rudys,221585,30669.46,10169
5/21/2017,May,3,20,183,Rudys,237984,43844.74,10860
5/21/2017,May,3,20,360,Rudys,237166,68238.87,9102
5/28/2017,May,4,21,MF1,Mighty Fine,58348,0,5991
5/28/2017,May,4,21,MF2,Mighty Fine,52376,0,5471
5/28/2017,May,4,21,MF3,Mighty Fine,57914,0,6004
5/28/2017,May,4,21,MF4,Mighty Fine,59625,0,6359
5/28/2017,May,4,21,MFT1,Mighty Fine,0,0,0
5/28/2017,May,4,21,MFT2,Mighty Fine,21979,0,2232
5/28/2017,May,4,21,Lamar,Rudys,0,0,0
5/28/2017,May,4,21,620,Rudys,140988,21756.76,6285
5/28/2017,May,4,21,Round Rock,Rudys,253115,49614.58,10819
5/28/2017,May,4,21,183,Rudys,262853,60495.42,11203
5/28/2017,May,4,21,360,Rudys,245053,60581.77,9721
6/4/2017,May,5,22,MF1,Mighty Fine,61458,0,6356
6/4/2017,May,5,22,MF2,Mighty Fine,56005,0,5905
6/4/2017,May,5,22,MF3,Mighty Fine,62122,0,6570
6/4/2017,May,5,22,MF4,Mighty Fine,72226,0,7844
6/4/2017,May,5,22,MFT1,Mighty Fine,0,0,0
6/4/2017,May,5,22,MFT2,Mighty Fine,21074,0,2148
6/4/2017,May,5,22,Lamar,Rudys,0,0,0
6/4/2017,May,5,22,620,Rudys,159290,30206.87,6811
6/4/2017,May,5,22,360,Rudys,232752,51879.88,9696
6/4/2017,May,5,22,Round Rock,Rudys,278077,54142.45,12038
6/4/2017,May,5,22,183,Rudys,268546,56931.68,11696
6/11/2017,Jun,1,23,MF1,Mighty Fine,56985,0,5873
6/11/2017,Jun,1,23,MF2,Mighty Fine,54225,0,5711
6/11/2017,Jun,1,23,MF3,Mighty Fine,58469,0,6192
6/11/2017,Jun,1,23,MF4,Mighty Fine,63990,0,6948
6/11/2017,Jun,1,23,MFT1,Mighty Fine,0,0,0
6/11/2017,Jun,1,23,MFT2,Mighty Fine,20641,0,2072
6/11/2017,Jun,1,23,Lamar,Rudys,0,0,0
6/11/2017,Jun,1,23,620,Rudys,130340,19768.97,5856
6/11/2017,Jun,1,23,Round Rock,Rudys,232136,31652.4,10605
6/11/2017,Jun,1,23,360,Rudys,215178,40064.98,9125
6/11/2017,Jun,1,23,183,Rudys,242605,51577.24,10591
6/18/2017,Jun,2,24,MF1,Mighty Fine,56932,0,5892
6/18/2017,Jun,2,24,MF2,Mighty Fine,51470,0,5387
6/18/2017,Jun,2,24,MF3,Mighty Fine,57569,0,6077
6/18/2017,Jun,2,24,MF4,Mighty Fine,59500,0,6517
6/18/2017,Jun,2,24,MFT1,Mighty Fine,1017,0,112
6/18/2017,Jun,2,24,MFT2,Mighty Fine,19813,0,2001
6/18/2017,Jun,2,24,Lamar,Rudys,0,0,0
6/18/2017,Jun,2,24,620,Rudys,143035,19275.92,6523
6/18/2017,Jun,2,24,Round Rock,Rudys,247437,33655.73,11467
6/18/2017,Jun,2,24,183,Rudys,246877,45065.18,11120
6/18/2017,Jun,2,24,360,Rudys,239807,46304.26,9949
6/25/2017,Jun,3,25,MF1,Mighty Fine,56378,0,5782
6/25/2017,Jun,3,25,MF2,Mighty Fine,50715,0,5259
6/25/2017,Jun,3,25,MF3,Mighty Fine,57480,0,6019
6/25/2017,Jun,3,25,MF4,Mighty Fine,58622,0,6351
6/25/2017,Jun,3,25,MFT1,Mighty Fine,0,0,0
6/25/2017,Jun,3,25,MFT2,Mighty Fine,18914,0,1927
6/25/2017,Jun,3,25,Lamar,Rudys,0,0,0
6/25/2017,Jun,3,25,620,Rudys,124983,17049.57,5754
6/25/2017,Jun,3,25,Round Rock,Rudys,213543,28968.93,9920
6/25/2017,Jun,3,25,360,Rudys,206997,44274.08,8570
6/25/2017,Jun,3,25,183,Rudys,232969,47228.82,10237
7/2/2017,Jun,4,26,MF1,Mighty Fine,59714,0,6211
7/2/2017,Jun,4,26,MF2,Mighty Fine,50728,0,5246
7/2/2017,Jun,4,26,MF3,Mighty Fine,54873,0,5825
7/2/2017,Jun,4,26,MF4,Mighty Fine,57326,0,6209
7/2/2017,Jun,4,26,MFT1,Mighty Fine,257,0,18
7/2/2017,Jun,4,26,MFT2,Mighty Fine,19019,0,1911
7/2/2017,Jun,4,26,Lamar,Rudys,0,0,0
7/2/2017,Jun,4,26,620,Rudys,143015,25226.85,6149
7/2/2017,Jun,4,26,Round Rock,Rudys,230642,36829.97,10320
7/2/2017,Jun,4,26,183,Rudys,239404,44684.47,10715
7/2/2017,Jun,4,26,360,Rudys,226086,48395.46,9271
7/9/2017,Jul,1,27,MF1,Mighty Fine,58817,0,6045
7/9/2017,Jul,1,27,MF2,Mighty Fine,57893,0,5954
7/9/2017,Jul,1,27,MF3,Mighty Fine,60322,0,6344
7/9/2017,Jul,1,27,MF4,Mighty Fine,60978,0,6583
7/9/2017,Jul,1,27,MFT1,Mighty Fine,3685,0,325
7/9/2017,Jul,1,27,MFT2,Mighty Fine,18066,0,1789
7/9/2017,Jul,1,27,Lamar,Rudys,0,0,0
7/9/2017,Jul,1,27,620,Rudys,147900,21520.58,6597
7/9/2017,Jul,1,27,Round Rock,Rudys,252614,38516.44,11529
7/9/2017,Jul,1,27,183,Rudys,249761,41414.53,11462
7/9/2017,Jul,1,27,360,Rudys,254410,49943.09,10647
7/16/2017,Jul,2,28,MF1,Mighty Fine,58422,0,6062
7/16/2017,Jul,2,28,MF2,Mighty Fine,54644,0,5679
7/16/2017,Jul,2,28,MF3,Mighty Fine,57551,0,6093
7/16/2017,Jul,2,28,MF4,Mighty Fine,60449,0,6501
7/16/2017,Jul,2,28,MFT1,Mighty Fine,0,0,0
7/16/2017,Jul,2,28,MFT2,Mighty Fine,17455,0,1767
7/16/2017,Jul,2,28,Lamar,Rudys,0,0,0
7/16/2017,Jul,2,28,620,Rudys,126781,14497.12,5993
7/16/2017,Jul,2,28,Round Rock,Rudys,212684,27608.41,9952
7/16/2017,Jul,2,28,360,Rudys,205166,36130.02,8826
7/16/2017,Jul,2,28,183,Rudys,232310,39682.76,10560
7/23/2017,Jul,3,29,MF1,Mighty Fine,58489,0,6086
7/23/2017,Jul,3,29,MF2,Mighty Fine,51864,0,5356
7/23/2017,Jul,3,29,MF3,Mighty Fine,56661,0,6023
7/23/2017,Jul,3,29,MF4,Mighty Fine,55482,0,5943
7/23/2017,Jul,3,29,MFT1,Mighty Fine,0,0,0
7/23/2017,Jul,3,29,MFT2,Mighty Fine,18486,0,1855
7/23/2017,Jul,3,29,Lamar,Rudys,0,0,0
7/23/2017,Jul,3,29,620,Rudys,123406,14288.13,5834
7/23/2017,Jul,3,29,Round Rock,Rudys,221732,28763.26,10325
7/23/2017,Jul,3,29,360,Rudys,197260,32619.36,8592
7/23/2017,Jul,3,29,183,Rudys,229543,43136.73,10328
7/30/2017,Jul,4,30,MF1,Mighty Fine,58212,0,6020
7/30/2017,Jul,4,30,MF2,Mighty Fine,52629,0,5507
7/30/2017,Jul,4,30,MF3,Mighty Fine,55849,0,5907
7/30/2017,Jul,4,30,MF4,Mighty Fine,58745,0,6307
7/30/2017,Jul,4,30,MFT1,Mighty Fine,0,0,0
7/30/2017,Jul,4,30,MFT2,Mighty Fine,16414,0,1669
7/30/2017,Jul,4,30,Lamar,Rudys,0,0,0
7/30/2017,Jul,4,30,620,Rudys,127687,16361.4,5874
7/30/2017,Jul,4,30,Round Rock,Rudys,219976,28241.49,10186
7/30/2017,Jul,4,30,360,Rudys,198278,31432.21,8796
7/30/2017,Jul,4,30,183,Rudys,238950,46019.18,10619
8/6/2017,Aug,1,31,MF1,Mighty Fine,58565,0,6094
8/6/2017,Aug,1,31,MF2,Mighty Fine,52887,0,5588
8/6/2017,Aug,1,31,MF3,Mighty Fine,58635,0,6227
8/6/2017,Aug,1,31,MF4,Mighty Fine,59472,0,6416
8/6/2017,Aug,1,31,MFT1,Mighty Fine,0,0,0
8/6/2017,Aug,1,31,MFT2,Mighty Fine,18122,0,1827
8/6/2017,Aug,1,31,Lamar,Rudys,0,0,0
8/6/2017,Aug,1,31,620,Rudys,134877,18584.36,6216
8/6/2017,Aug,1,31,Round Rock,Rudys,217071,24345.42,10345
8/6/2017,Aug,1,31,360,Rudys,206451,41048.61,8802
8/6/2017,Aug,1,31,183,Rudys,243361,52215.2,10489
8/13/2017,Aug,2,32,MF1,Mighty Fine,56174,0,5898
8/13/2017,Aug,2,32,MF2,Mighty Fine,54952,0,5802
8/13/2017,Aug,2,32,MF3,Mighty Fine,61864,0,6565
8/13/2017,Aug,2,32,MF4,Mighty Fine,62928,0,6807
8/13/2017,Aug,2,32,MFT1,Mighty Fine,0,0,0
8/13/2017,Aug,2,32,MFT2,Mighty Fine,19085,0,1920
8/13/2017,Aug,2,32,Lamar,Rudys,0,0,0
8/13/2017,Aug,2,32,620,Rudys,133023,17400.87,6108
8/13/2017,Aug,2,32,Round Rock,Rudys,221890,31095.99,10273
8/13/2017,Aug,2,32,360,Rudys,203848,38978.85,8660
8/13/2017,Aug,2,32,183,Rudys,244535,48698.37,10904
8/20/2017,Aug,3,33,MF1,Mighty Fine,60239,0,6337
8/20/2017,Aug,3,33,MF2,Mighty Fine,54588,0,5757
8/20/2017,Aug,3,33,MF3,Mighty Fine,59047,0,6267
8/20/2017,Aug,3,33,MF4,Mighty Fine,61464,0,6597
8/20/2017,Aug,3,33,MFT1,Mighty Fine,0,0,0
8/20/2017,Aug,3,33,MFT2,Mighty Fine,18998,0,1926
8/20/2017,Aug,3,33,Lamar,Rudys,0,0,0
8/20/2017,Aug,3,33,620,Rudys,126630,16150.34,5831
8/20/2017,Aug,3,33,Round Rock,Rudys,218070,33295.97,9831
8/20/2017,Aug,3,33,360,Rudys,202173,37084.93,8793
8/20/2017,Aug,3,33,183,Rudys,224289,38406.71,10267
8/27/2017,Aug,4,34,MF1,Mighty Fine,48392,0,5028
8/27/2017,Aug,4,34,MF2,Mighty Fine,40612,0,4281
8/27/2017,Aug,4,34,MF3,Mighty Fine,43377,0,4573
8/27/2017,Aug,4,34,MF4,Mighty Fine,54624,0,5797
8/27/2017,Aug,4,34,MFT1,Mighty Fine,0,0,0
8/27/2017,Aug,4,34,MFT2,Mighty Fine,5579,0,1556
8/27/2017,Aug,4,34,Lamar,Rudys,0,0,0
8/27/2017,Aug,4,34,620,Rudys,124040,16906.69,5686
8/27/2017,Aug,4,34,Round Rock,Rudys,194392,34034.2,8619
8/27/2017,Aug,4,34,360,Rudys,173285,34783.19,7428
8/27/2017,Aug,4,34,183,Rudys,215749,41099.97,9877
9/3/2017,Sep,1,35,MF1,Mighty Fine,54846,0,5701
9/3/2017,Sep,1,35,MF2,Mighty Fine,50646,0,5297
9/3/2017,Sep,1,35,MF3,Mighty Fine,54996,0,5861
9/3/2017,Sep,1,35,MF4,Mighty Fine,57675,0,6182
9/3/2017,Sep,1,35,MFT1,Mighty Fine,158,0,93
9/3/2017,Sep,1,35,MFT2,Mighty Fine,19448,0,1985
9/3/2017,Sep,1,35,Lamar,Rudys,0,0,0
9/3/2017,Sep,1,35,620,Rudys,142533,24717.76,6292
9/3/2017,Sep,1,35,Round Rock,Rudys,220848,27658.11,10362
9/3/2017,Sep,1,35,360,Rudys,217981,46237.58,8996
9/3/2017,Sep,1,35,183,Rudys,253519,55414.73,10934
9/10/2017,Sep,2,36,MF1,Mighty Fine,54250,0,5564
9/10/2017,Sep,2,36,MF2,Mighty Fine,54248,0,5658
9/10/2017,Sep,2,36,MF3,Mighty Fine,51542,0,5436
9/10/2017,Sep,2,36,MF4,Mighty Fine,57051,0,6097
9/10/2017,Sep,2,36,MFT1,Mighty Fine,0,0,0
9/10/2017,Sep,2,36,MFT2,Mighty Fine,19358,0,1996
9/10/2017,Sep,2,36,Lamar,Rudys,0,0,0
9/10/2017,Sep,2,36,620,Rudys,132753,15364.12,6322
9/10/2017,Sep,2,36,Round Rock,Rudys,227892,26567.95,10792
9/10/2017,Sep,2,36,360,Rudys,220078,40090.64,9660
9/10/2017,Sep,2,36,183,Rudys,243619,48241.35,10730
9/17/2017,Sep,3,37,MF1,Mighty Fine,55213,0,5658
9/17/2017,Sep,3,37,MF2,Mighty Fine,49563,0,5159
9/17/2017,Sep,3,37,MF3,Mighty Fine,46940,0,4933
9/17/2017,Sep,3,37,MF4,Mighty Fine,53461,0,5672
9/17/2017,Sep,3,37,MFT1,Mighty Fine,2136,0,206
9/17/2017,Sep,3,37,MFT2,Mighty Fine,19106,0,1951
9/17/2017,Sep,3,37,Lamar,Rudys,0,0,0
9/17/2017,Sep,3,37,620,Rudys,122768,16572.44,5661
9/17/2017,Sep,3,37,360,Rudys,190842,29864.63,8491
9/17/2017,Sep,3,37,Round Rock,Rudys,203195,30658.14,9285
9/17/2017,Sep,3,37,183,Rudys,228488,45730.97,10115
9/24/2017,Sep,4,38,MF1,Mighty Fine,52569,0,5410
9/24/2017,Sep,4,38,MF2,Mighty Fine,47932,0,4992
9/24/2017,Sep,4,38,MF3,Mighty Fine,50088,0,5209
9/24/2017,Sep,4,38,MF4,Mighty Fine,54562,0,5858
9/24/2017,Sep,4,38,MFT1,Mighty Fine,0,0,0
9/24/2017,Sep,4,38,MFT2,Mighty Fine,18826,0,1918
9/24/2017,Sep,4,38,Lamar,Rudys,0,0,0
9/24/2017,Sep,4,38,620,Rudys,124695,17513.79,5693
9/24/2017,Sep,4,38,360,Rudys,191736,34666.62,8339
9/24/2017,Sep,4,38,Round Rock,Rudys,218148,38971.26,9657
9/24/2017,Sep,4,38,183,Rudys,229070,48840.68,9977
10/1/2017,Sep,5,39,MF1,Mighty Fine,51455,0,5319
10/1/2017,Sep,5,39,MF2,Mighty Fine,46995,0,4945
10/1/2017,Sep,5,39,MF3,Mighty Fine,48430,0,5089
10/1/2017,Sep,5,39,MF4,Mighty Fine,50944,0,5441
10/1/2017,Sep,5,39,MFT1,Mighty Fine,5862,0,1008
10/1/2017,Sep,5,39,MFT2,Mighty Fine,16986,0,1736
10/1/2017,Sep,5,39,Lamar,Rudys,0,0,0
10/1/2017,Sep,5,39,620,Rudys,122816,16473.38,5687
10/1/2017,Sep,5,39,Round Rock,Rudys,201925,31846.14,9253
10/1/2017,Sep,5,39,360,Rudys,200768,45099.01,8278
10/1/2017,Sep,5,39,183,Rudys,225655,49475.55,9641
10/8/2017,Oct,1,40,MF1,Mighty Fine,52895,0,5476
10/8/2017,Oct,1,40,MF2,Mighty Fine,46118,0,4879
10/8/2017,Oct,1,40,MF3,Mighty Fine,50595,0,5314
10/8/2017,Oct,1,40,MF4,Mighty Fine,57512,0,6179
10/8/2017,Oct,1,40,MFT1,Mighty Fine,7473.13,0,811
10/8/2017,Oct,1,40,MFT2,Mighty Fine,18995,0,1898
10/8/2017,Oct,1,40,Lamar,Rudys,0,0,0
10/8/2017,Oct,1,40,620,Rudys,129287,17225.05,5962
10/8/2017,Oct,1,40,Round Rock,Rudys,214421,30342.38,9666
10/8/2017,Oct,1,40,360,Rudys,200094,37792.76,8593
10/8/2017,Oct,1,40,183,Rudys,247666,52222.24,10654
10/15/2017,Oct,2,41,MF1,Mighty Fine,55013,0,5596
10/15/2017,Oct,2,41,MF2,Mighty Fine,49026,0,5072
10/15/2017,Oct,2,41,MF3,Mighty Fine,50627,0,5232
10/15/2017,Oct,2,41,MF4,Mighty Fine,57074,0,6037
10/15/2017,Oct,2,41,MFT1,Mighty Fine,0,0,0
10/15/2017,Oct,2,41,MFT2,Mighty Fine,20024,0,1993
10/15/2017,Oct,2,41,Lamar,Rudys,0,0,0
10/15/2017,Oct,2,41,620,Rudys,132092,17119.46,5995
10/15/2017,Oct,2,41,Round Rock,Rudys,218460,34218.78,9853
10/15/2017,Oct,2,41,360,Rudys,214054,45759.26,8892
10/15/2017,Oct,2,41,183,Rudys,240150,47153.16,10582
10/22/2017,Oct,3,42,MF1,Mighty Fine,54832,0,5533
10/22/2017,Oct,3,42,MF2,Mighty Fine,48904,0,5018
10/22/2017,Oct,3,42,MF3,Mighty Fine,54830,0,5665
10/22/2017,Oct,3,42,MF4,Mighty Fine,57407,0,6043
10/22/2017,Oct,3,42,MFT1,Mighty Fine,8703,0,1207
10/22/2017,Oct,3,42,MFT2,Mighty Fine,20705,0,2049
10/22/2017,Oct,3,42,Lamar,Rudys,0,0,0
10/22/2017,Oct,3,42,620,Rudys,126459,17332.02,5867
10/22/2017,Oct,3,42,Round Rock,Rudys,221084,33313.07,10018
10/22/2017,Oct,3,42,360,Rudys,223484,46797.94,9418
10/22/2017,Oct,3,42,183,Rudys,247741,50570.01,10718
10/29/2017,Oct,4,43,MF1,Mighty Fine,54942,0,5540
10/29/2017,Oct,4,43,MF2,Mighty Fine,51945,0,5338
10/29/2017,Oct,4,43,MF3,Mighty Fine,49885,0,5150
10/29/2017,Oct,4,43,MF4,Mighty Fine,57376,0,6009
10/29/2017,Oct,4,43,MFT1,Mighty Fine,3717,0,325
10/29/2017,Oct,4,43,MFT2,Mighty Fine,20724,0,2060
10/29/2017,Oct,4,43,Lamar,Rudys,0,0,0
10/29/2017,Oct,4,43,620,Rudys,121120,14583.66,5688
10/29/2017,Oct,4,43,Round Rock,Rudys,202972,35638.18,9108
10/29/2017,Oct,4,43,183,Rudys,239853,47934.99,10362
10/29/2017,Oct,4,43,360,Rudys,208731,50751.6,8462
11/5/2017,Nov,1,44,MF1,Mighty Fine,54148,0,5477
11/5/2017,Nov,1,44,MF2,Mighty Fine,47562,0,4893
11/5/2017,Nov,1,44,MF3,Mighty Fine,53842,0,5571
11/5/2017,Nov,1,44,MF4,Mighty Fine,57717,0,6153
11/5/2017,Nov,1,44,MFT1,Mighty Fine,2896,0,456
11/5/2017,Nov,1,44,MFT2,Mighty Fine,19331,0,1932
11/5/2017,Nov,1,44,Lamar,Rudys,0,0,0
11/5/2017,Nov,1,44,620,Rudys,122294,18698.91,5512
11/5/2017,Nov,1,44,Round Rock,Rudys,209474,35801.52,9381
11/5/2017,Nov,1,44,360,Rudys,213306,55337.16,8444
11/5/2017,Nov,1,44,183,Rudys,243941,59283.1,10077
11/12/2017,Nov,2,45,MF1,Mighty Fine,55902,0,5587
11/12/2017,Nov,2,45,MF2,Mighty Fine,50512,0,5139
11/12/2017,Nov,2,45,MF3,Mighty Fine,56449,0,5885
11/12/2017,Nov,2,45,MF4,Mighty Fine,58123,0,6132
11/12/2017,Nov,2,45,MFT1,Mighty Fine,5463,0,431
11/12/2017,Nov,2,45,MFT2,Mighty Fine,18040,0,1795
11/12/2017,Nov,2,45,Lamar,Rudys,0,0,0
11/12/2017,Nov,2,45,620,Rudys,123171,16623.62,5687
11/12/2017,Nov,2,45,Round Rock,Rudys,204051,27691.92,9512
11/12/2017,Nov,2,45,360,Rudys,207554,50999.2,8288
11/12/2017,Nov,2,45,183,Rudys,249819,62592.59,10325
11/19/2017,Nov,3,46,MF1,Mighty Fine,56303,0,5622
11/19/2017,Nov,3,46,MF2,Mighty Fine,50468,0,5194
11/19/2017,Nov,3,46,MF3,Mighty Fine,53429,0,5536
11/19/2017,Nov,3,46,MF4,Mighty Fine,56070,0,5905
11/19/2017,Nov,3,46,MFT1,Mighty Fine,1594,0,200
11/19/2017,Nov,3,46,MFT2,Mighty Fine,20565,0,2034
11/19/2017,Nov,3,46,Lamar,Rudys,0,0,0
11/19/2017,Nov,3,46,620,Rudys,123721,17606.19,5721
11/19/2017,Nov,3,46,Round Rock,Rudys,204029,33196.58,9227
11/19/2017,Nov,3,46,360,Rudys,207296,53706.28,8215
11/19/2017,Nov,3,46,183,Rudys,255176,67213.21,10359
11/26/2017,Nov,4,47,MF1,Mighty Fine,55359,0,5677
11/26/2017,Nov,4,47,MF2,Mighty Fine,54933,0,5630
11/26/2017,Nov,4,47,MF3,Mighty Fine,61798,0,6421
11/26/2017,Nov,4,47,MF4,Mighty Fine,61397,0,6506
11/26/2017,Nov,4,47,MFT1,Mighty Fine,7062.63,0,523
11/26/2017,Nov,4,47,MFT2,Mighty Fine,17218,0,1733
11/26/2017,Nov,4,47,Lamar,Rudys,0,0,0
11/26/2017,Nov,4,47,620,Rudys,138406,15587.42,5722
11/26/2017,Nov,4,47,Round Rock,Rudys,247880,44595.08,9874
11/26/2017,Nov,4,47,360,Rudys,235129,52272.13,9059
11/26/2017,Nov,4,47,183,Rudys,262425,56149.44,10036
12/3/2017,Dec,1,48,MF1,Mighty Fine,56441,0,5708
12/3/2017,Dec,1,48,MF2,Mighty Fine,51738,0,5326
12/3/2017,Dec,1,48,MF3,Mighty Fine,53160,0,5530
12/3/2017,Dec,1,48,MF4,Mighty Fine,55610,0,5884
12/3/2017,Dec,1,48,MFT1,Mighty Fine,0,0,0
12/3/2017,Dec,1,48,MFT2,Mighty Fine,20465,0,2027
12/3/2017,Dec,1,48,Lamar,Rudys,0,0,0
12/3/2017,Dec,1,48,620,Rudys,108124,12548.33,5176
12/3/2017,Dec,1,48,Round Rock,Rudys,170400,23829.93,7967
12/3/2017,Dec,1,48,183,Rudys,220312,45423.76,9482
12/3/2017,Dec,1,48,360,Rudys,193915,56021.7,7375
12/10/2017,Dec,2,49,MF1,Mighty Fine,71990,0,7145
12/10/2017,Dec,2,49,MF2,Mighty Fine,66601,0,6585
12/10/2017,Dec,2,49,MF3,Mighty Fine,66435,0,6649
12/10/2017,Dec,2,49,MF4,Mighty Fine,70175,0,7185
12/10/2017,Dec,2,49,MFT1,Mighty Fine,0,0,0
12/10/2017,Dec,2,49,MFT2,Mighty Fine,19312,0,1929
12/10/2017,Dec,2,49,Lamar,Rudys,0,0,0
12/10/2017,Dec,2,49,620,Rudys,117389,18462.99,5410
12/10/2017,Dec,2,49,Round Rock,Rudys,190110,36839.44,8428
12/10/2017,Dec,2,49,360,Rudys,198059,53483.15,7850
12/10/2017,Dec,2,49,183,Rudys,231753,58639.36,9563
12/17/2017,Dec,3,50,MF1,Mighty Fine,59169,0,5931
12/17/2017,Dec,3,50,MF2,Mighty Fine,56498,0,5769
12/17/2017,Dec,3,50,MF3,Mighty Fine,57158,0,5810
12/17/2017,Dec,3,50,MF4,Mighty Fine,65241,0,6829
12/17/2017,Dec,3,50,MFT1,Mighty Fine,0,0,0
12/17/2017,Dec,3,50,MFT2,Mighty Fine,17679,0,1794
12/17/2017,Dec,3,50,Lamar,Rudys,0,0,0
12/17/2017,Dec,3,50,620,Rudys,119084,16169.39,5494
12/17/2017,Dec,3,50,Round Rock,Rudys,212648,58981.2,8435
12/17/2017,Dec,3,50,360,Rudys,217599,76692.53,8030
12/17/2017,Dec,3,50,183,Rudys,265772,84752.18,9938
12/24/2017,Dec,4,51,MF1,Mighty Fine,58463,0,5906
12/24/2017,Dec,4,51,MF2,Mighty Fine,56015,0,5709
12/24/2017,Dec,4,51,MF3,Mighty Fine,59716,0,6099
12/24/2017,Dec,4,51,MF4,Mighty Fine,63620,0,6651
12/24/2017,Dec,4,51,MFT1,Mighty Fine,0,0,0
12/24/2017,Dec,4,51,MFT2,Mighty Fine,16474,0,1696
12/24/2017,Dec,4,51,Lamar,Rudys,0,0,0
12/24/2017,Dec,4,51,620,Rudys,143595,21555.14,6669
12/24/2017,Dec,4,51,Round Rock,Rudys,267618,64320.95,11050
12/24/2017,Dec,4,51,183,Rudys,307375,78108.24,12272
12/24/2017,Dec,4,51,360,Rudys,254456,80701.45,9520
12/31/2017,Dec,5,52,MF1,Mighty Fine,54620,0,5596
12/31/2017,Dec,5,52,MF2,Mighty Fine,54452,0,5586
12/31/2017,Dec,5,52,MF3,Mighty Fine,58312,0,6001
12/31/2017,Dec,5,52,MF4,Mighty Fine,62292,0,6462
12/31/2017,Dec,5,52,MFT1,Mighty Fine,0,0,0
12/31/2017,Dec,5,52,MFT2,Mighty Fine,13045,0,1342
12/31/2017,Dec,5,52,Lamar,Rudys,0,0,0
12/31/2017,Dec,5,52,620,Rudys,107761,13663.72,4963
12/31/2017,Dec,5,52,Round Rock,Rudys,182917,24431.39,8460
12/31/2017,Dec,5,52,360,Rudys,166213,26402.19,7607
12/31/2017,Dec,5,52,183,Rudys,204952,38730.48,9178
1/7/2018,Jan,1,1,MF1,Mighty Fine,57263,0,5839
1/7/2018,Jan,1,1,MF2,Mighty Fine,55515,0,5733
1/7/2018,Jan,1,1,MF3,Mighty Fine,59404,0,6176
1/7/2018,Jan,1,1,MF4,Mighty Fine,65493,0,6847
1/7/2018,Jan,1,1,MFT1,Mighty Fine,0,0,0
1/7/2018,Jan,1,1,MFT2,Mighty Fine,17157,0,1733
1/7/2018,Jan,1,1,Lamar,Rudys,0,0,0
1/7/2018,Jan,1,1,620,Rudys,106952,7337.75,5295
1/7/2018,Jan,1,1,Round Rock,Rudys,174393,18224.28,8645
1/7/2018,Jan,1,1,360,Rudys,158835,21650.63,7623
1/7/2018,Jan,1,1,183,Rudys,190521,24106.05,9328
1/14/2018,Jan,2,2,MF1,Mighty Fine,55413,0,5664
1/14/2018,Jan,2,2,MF2,Mighty Fine,51207,0,5255
1/14/2018,Jan,2,2,MF3,Mighty Fine,55114,0,5691
1/14/2018,Jan,2,2,MF4,Mighty Fine,57235,0,6013
1/14/2018,Jan,2,2,MFT1,Mighty Fine,0,0,0
1/14/2018,Jan,2,2,MFT2,Mighty Fine,17435,0,1735
1/14/2018,Jan,2,2,Lamar,Rudys,0,0,0
1/14/2018,Jan,2,2,620,Rudys,109202,11768.44,5386
1/14/2018,Jan,2,2,Round Rock,Rudys,177473,20165.78,8687
1/14/2018,Jan,2,2,360,Rudys,175698,30517.7,8030
1/14/2018,Jan,2,2,183,Rudys,214177,34092.38,10076
1/21/2018,Jan,3,3,MF1,Mighty Fine,51885,0,5277
1/21/2018,Jan,3,3,MF2,Mighty Fine,50231,0,5188
1/21/2018,Jan,3,3,MF3,Mighty Fine,51220,0,5315
1/21/2018,Jan,3,3,MF4,Mighty Fine,55077,0,5836
1/21/2018,Jan,3,3,MFT1,Mighty Fine,0,0,0
1/21/2018,Jan,3,3,MFT2,Mighty Fine,14678,0,1444
1/21/2018,Jan,3,3,Lamar,Rudys,0,0,0
1/21/2018,Jan,3,3,620,Rudys,100182,11915.41,4780
1/21/2018,Jan,3,3,360,Rudys,147321,24360.1,7041
1/21/2018,Jan,3,3,Round Rock,Rudys,162774,24360.1,7699
1/21/2018,Jan,3,3,183,Rudys,204008,40065.93,9229
1/28/2018,Jan,4,4,MF1,Mighty Fine,53488,0,5367
1/28/2018,Jan,4,4,MF2,Mighty Fine,52818,0,5399
1/28/2018,Jan,4,4,MF3,Mighty Fine,56163,0,5758
1/28/2018,Jan,4,4,MF4,Mighty Fine,56994,0,6040
1/28/2018,Jan,4,4,MFT1,Mighty Fine,0,0,0
1/28/2018,Jan,4,4,MFT2,Mighty Fine,20561,0,2049
1/28/2018,Jan,4,4,Lamar,Rudys,0,0,0
1/28/2018,Jan,4,4,620,Rudys,109096,12945,5349
1/28/2018,Jan,4,4,Round Rock,Rudys,170667,24709.94,8151
1/28/2018,Jan,4,4,360,Rudys,169927,29080.48,7765
1/28/2018,Jan,4,4,183,Rudys,218623,44178.17,9728
2/4/2018,Feb,1,5,MF1,Mighty Fine,53154,0,5315
2/4/2018,Feb,1,5,MF2,Mighty Fine,48855,0,4914
2/4/2018,Feb,1,5,MF3,Mighty Fine,50398,0,5107
2/4/2018,Feb,1,5,MF4,Mighty Fine,53855,0,5632
2/4/2018,Feb,1,5,MFT1,Mighty Fine,0,0,0
2/4/2018,Feb,1,5,MFT2,Mighty Fine,20166,0,1989
2/4/2018,Feb,1,5,Lamar,Rudys,0,0,0
2/4/2018,Feb,1,5,620,Rudys,112815,11901.62,5537
2/4/2018,Feb,1,5,Round Rock,Rudys,195211,38074.98,8681
2/4/2018,Feb,1,5,183,Rudys,221786,46507.45,9942
2/4/2018,Feb,1,5,360,Rudys,200690,51643.83,8264
2/11/2018,Feb,2,6,MF1,Mighty Fine,51643,0,5152
2/11/2018,Feb,2,6,MF2,Mighty Fine,48391,0,4852
2/11/2018,Feb,2,6,MF3,Mighty Fine,50250,0,5045
2/11/2018,Feb,2,6,MF4,Mighty Fine,54312,0,5684
2/11/2018,Feb,2,6,MFT1,Mighty Fine,0,0,0
2/11/2018,Feb,2,6,MFT2,Mighty Fine,17167,0,1700
2/11/2018,Feb,2,6,Lamar,Rudys,0,0,0
2/11/2018,Feb,2,6,620,Rudys,105405,12635.43,4977
2/11/2018,Feb,2,6,Round Rock,Rudys,171790,24362.59,8190
2/11/2018,Feb,2,6,360,Rudys,165361,28354.32,7582
2/11/2018,Feb,2,6,183,Rudys,203790,39126.43,9207
2/18/2018,Feb,3,7,MF1,Mighty Fine,50575,0,5080
2/18/2018,Feb,3,7,MF2,Mighty Fine,51411,0,5167
2/18/2018,Feb,3,7,MF3,Mighty Fine,56967,0,5748
2/18/2018,Feb,3,7,MF4,Mighty Fine,56355,0,5840
2/18/2018,Feb,3,7,MFT1,Mighty Fine,8127,0,706
2/18/2018,Feb,3,7,MFT2,Mighty Fine,19486,0,1928
2/18/2018,Feb,3,7,Lamar,Rudys,0,0,0
2/18/2018,Feb,3,7,620,Rudys,111732,11827.72,5351
2/18/2018,Feb,3,7,Round Rock,Rudys,182996,22061.7,8727
2/18/2018,Feb,3,7,360,Rudys,176415,29349.74,8100
2/18/2018,Feb,3,7,183,Rudys,212756,37747.88,9539
2/25/2018,Feb,4,8,MF1,Mighty Fine,53016,0,5283
2/25/2018,Feb,4,8,MF2,Mighty Fine,51267,0,5128
2/25/2018,Feb,4,8,MF3,Mighty Fine,56627,0,5789
2/25/2018,Feb,4,8,MF4,Mighty Fine,60989,0,6356
2/25/2018,Feb,4,8,MFT1,Mighty Fine,0,0,0
2/25/2018,Feb,4,8,MFT2,Mighty Fine,17387,0,1740
2/25/2018,Feb,4,8,Lamar,Rudys,0,0,0
2/25/2018,Feb,4,8,620,Rudys,111508,11349.09,5386
2/25/2018,Feb,4,8,Round Rock,Rudys,198392,37678.13,8790
2/25/2018,Feb,4,8,183,Rudys,217417,38929.72,9780
2/25/2018,Feb,4,8,360,Rudys,200974,45412.34,8384
3/4/2018,Mar,1,9,MF1,Mighty Fine,52960,0,5263
3/4/2018,Mar,1,9,MF2,Mighty Fine,49541,0,4999
3/4/2018,Mar,1,9,MF3,Mighty Fine,60147,0,6120
3/4/2018,Mar,1,9,MF4,Mighty Fine,60078,0,6195
3/4/2018,Mar,1,9,MFT1,Mighty Fine,8794,0,548
3/4/2018,Mar,1,9,MFT2,Mighty Fine,20430,0,2023
3/4/2018,Mar,1,9,Lamar,Rudys,0,0,0
3/4/2018,Mar,1,9,620,Rudys,120624,15071.35,5680
3/4/2018,Mar,1,9,Round Rock,Rudys,206290,34369.95,9399
3/4/2018,Mar,1,9,360,Rudys,202998,43605.59,8516
3/4/2018,Mar,1,9,183,Rudys,239217,53123.41,10207
3/11/2018,Mar,2,10,MF1,Mighty Fine,54620,0,5486
3/11/2018,Mar,2,10,MF2,Mighty Fine,49541,0,5016
3/11/2018,Mar,2,10,MF3,Mighty Fine,58733,0,6001
3/11/2018,Mar,2,10,MF4,Mighty Fine,58956,0,6024
3/11/2018,Mar,2,10,MFT1,Mighty Fine,12764,0,716
3/11/2018,Mar,2,10,MFT2,Mighty Fine,21908,0,2145
3/11/2018,Mar,2,10,Lamar,Rudys,0,0,0
3/11/2018,Mar,2,10,620,Rudys,116636,11175.57,5677
3/11/2018,Mar,2,10,Round Rock,Rudys,205068,30805.96,9303
3/11/2018,Mar,2,10,183,Rudys,232949,45067.81,10333
3/11/2018,Mar,2,10,360,Rudys,207090,46170.95,8582
3/18/2018,Mar,3,11,MF1,Mighty Fine,58112,0,5825
3/18/2018,Mar,3,11,MF2,Mighty Fine,55515,0,5596
3/18/2018,Mar,3,11,MF3,Mighty Fine,72743,0,7430
3/18/2018,Mar,3,11,MF4,Mighty Fine,63416,0,6597
3/18/2018,Mar,3,11,MFT1,Mighty Fine,7194,0,460
3/18/2018,Mar,3,11,MFT2,Mighty Fine,21695,0,2119
3/18/2018,Mar,3,11,Lamar,Rudys,0,0,0
3/18/2018,Mar,3,11,620,Rudys,121760,8190.73,5937
3/18/2018,Mar,3,11,360,Rudys,200307,22809.11,9391
3/18/2018,Mar,3,11,Round Rock,Rudys,210893,26921.62,9802
3/18/2018,Mar,3,11,183,Rudys,231017,38662.56,10500
3/25/2018,Mar,4,12,MF1,Mighty Fine,53530,0,5291
3/25/2018,Mar,4,12,MF2,Mighty Fine,52388,0,5262
3/25/2018,Mar,4,12,MF3,Mighty Fine,59039,0,5998
3/25/2018,Mar,4,12,MF4,Mighty Fine,58177,0,6026
3/25/2018,Mar,4,12,MFT1,Mighty Fine,6668,0,428
3/25/2018,Mar,4,12,MFT2,Mighty Fine,22334,0,2228
3/25/2018,Mar,4,12,Lamar,Rudys,0,0,0
3/25/2018,Mar,4,12,620,Rudys,127348,13184.52,6043
3/25/2018,Mar,4,12,Round Rock,Rudys,199998,27384.52,9293
3/25/2018,Mar,4,12,360,Rudys,214645,43743.17,9095
3/25/2018,Mar,4,12,183,Rudys,234856,44033.9,10574
4/1/2018,Mar,5,13,MF1,Mighty Fine,52511,0,5218
4/1/2018,Mar,5,13,MF2,Mighty Fine,51475,0,5128
4/1/2018,Mar,5,13,MF3,Mighty Fine,60978,0,6135
4/1/2018,Mar,5,13,MF4,Mighty Fine,55738,0,5774
4/1/2018,Mar,5,13,MFT1,Mighty Fine,0,0,0
4/1/2018,Mar,5,13,MFT2,Mighty Fine,22118,0,2189
4/1/2018,Mar,5,13,Lamar,Rudys,0,0,0
4/1/2018,Mar,5,13,620,Rudys,147841,20745.23,6707
4/1/2018,Mar,5,13,Round Rock,Rudys,236065,43303.94,10380
4/1/2018,Mar,5,13,360,Rudys,232182,48409,9689
4/1/2018,Mar,5,13,183,Rudys,266868,66187.46,10981
4/8/2018,Apr,1,14,MF1,Mighty Fine,53703,0,5397
4/8/2018,Apr,1,14,MF2,Mighty Fine,50192,0,5108
4/8/2018,Apr,1,14,MF3,Mighty Fine,59522,0,6050
4/8/2018,Apr,1,14,MF4,Mighty Fine,61482,0,6372
4/8/2018,Apr,1,14,MFT1,Mighty Fine,6053,0,400
4/8/2018,Apr,1,14,MFT2,Mighty Fine,21917,0,2138
4/8/2018,Apr,1,14,Lamar,Rudys,0,0,0
4/8/2018,Apr,1,14,620,Rudys,122191,16074.07,5558
4/8/2018,Apr,1,14,Round Rock,Rudys,200384,31195.14,9096
4/8/2018,Apr,1,14,360,Rudys,197736,37269.23,8639
4/8/2018,Apr,1,14,183,Rudys,226531,44873.56,10014
4/15/2018,Apr,2,15,MF1,Mighty Fine,55993,0,5549
4/15/2018,Apr,2,15,MF2,Mighty Fine,50188,0,5048
4/15/2018,Apr,2,15,MF3,Mighty Fine,60563,0,6129
4/15/2018,Apr,2,15,MF4,Mighty Fine,60562,0,6299
4/15/2018,Apr,2,15,MFT1,Mighty Fine,0,0,0
4/15/2018,Apr,2,15,MFT2,Mighty Fine,23678,0,2295
4/15/2018,Apr,2,15,Lamar,Rudys,0,0,0
4/15/2018,Apr,2,15,620,Rudys,130018,17070.07,5965
4/15/2018,Apr,2,15,Round Rock,Rudys,211678,33551.29,9575
4/15/2018,Apr,2,15,360,Rudys,202499,41889.26,8506
4/15/2018,Apr,2,15,183,Rudys,233778,46976.48,10372
4/22/2018,Apr,3,16,MF1,Mighty Fine,55778,0,5504
4/22/2018,Apr,3,16,MF2,Mighty Fine,49706,0,5043
4/22/2018,Apr,3,16,MF3,Mighty Fine,62287,0,6289
4/22/2018,Apr,3,16,MF4,Mighty Fine,63028,0,6466
4/22/2018,Apr,3,16,MFT1,Mighty Fine,7535,0,470
4/22/2018,Apr,3,16,MFT2,Mighty Fine,24719,0,2424
4/22/2018,Apr,3,16,Lamar,Rudys,84663,1165,2572
4/22/2018,Apr,3,16,620,Rudys,132470,21361.19,5860
4/22/2018,Apr,3,16,Round Rock,Rudys,212182,33974.31,9576
4/22/2018,Apr,3,16,360,Rudys,225772,54411.76,8871
4/22/2018,Apr,3,16,183,Rudys,245674,55246.19,10280
4/29/2018,Apr,4,17,MF1,Mighty Fine,55477,0,5453
4/29/2018,Apr,4,17,MF2,Mighty Fine,47629,0,4801
4/29/2018,Apr,4,17,MF3,Mighty Fine,61715,0,6242
4/29/2018,Apr,4,17,MF4,Mighty Fine,63390,0,6562
4/29/2018,Apr,4,17,MFT1,Mighty Fine,0,0,0
4/29/2018,Apr,4,17,MFT2,Mighty Fine,23238,0,2299
4/29/2018,Apr,4,17,Lamar,Rudys,135076,16611,3860
4/29/2018,Apr,4,17,620,Rudys,135383,23183.57,5713
4/29/2018,Apr,4,17,Round Rock,Rudys,215046,44629,9147
4/29/2018,Apr,4,17,183,Rudys,233692,50846.98,9844
4/29/2018,Apr,4,17,360,Rudys,219369,53974.84,8682
5/6/2018,May,1,18,MF1,Mighty Fine,53158,0,5263
5/6/2018,May,1,18,MF2,Mighty Fine,48435,0,4892
5/6/2018,May,1,18,MF3,Mighty Fine,56738,0,5790
5/6/2018,May,1,18,MF4,Mighty Fine,58052,0,6049
5/6/2018,May,1,18,MFT1,Mighty Fine,7007,0,480
5/6/2018,May,1,18,MFT2,Mighty Fine,21854,0,2149
5/6/2018,May,1,18,Lamar,Rudys,123632.8,14075.49,3716
5/6/2018,May,1,18,620,Rudys,128758,16639.52,5853
5/6/2018,May,1,18,Round Rock,Rudys,197561,27985.94,9293
5/6/2018,May,1,18,183,Rudys,214746,39939.41,9435
5/6/2018,May,1,18,360,Rudys,194076,40163.08,8251
5/13/2018,May,2,19,MF1,Mighty Fine,55812,0,5436
5/13/2018,May,2,19,MF2,Mighty Fine,48072,0,4707
5/13/2018,May,2,19,MF3,Mighty Fine,59585,0,5894
5/13/2018,May,2,19,MF4,Mighty Fine,61739,0,6220
5/13/2018,May,2,19,MFT1,Mighty Fine,0,0,0
5/13/2018,May,2,19,MFT2,Mighty Fine,23344,0,2293
5/13/2018,May,2,19,Lamar,Rudys,128354,17250.31,3723
5/13/2018,May,2,19,620,Rudys,142677,22073.05,6280
5/13/2018,May,2,19,Round Rock,Rudys,242641,47615.56,10310
5/13/2018,May,2,19,360,Rudys,234031,58655.9,9194
5/13/2018,May,2,19,183,Rudys,257168,64765.14,10435
5/20/2018,May,3,20,MF1,Mighty Fine,57529,0,5477
5/20/2018,May,3,20,MF2,Mighty Fine,50880,0,5012
5/20/2018,May,3,20,MF3,Mighty Fine,59755,0,5911
5/20/2018,May,3,20,MF4,Mighty Fine,61806,0,6251
5/20/2018,May,3,20,MFT1,Mighty Fine,12568,0,1286
5/20/2018,May,3,20,MFT2,Mighty Fine,21063,0,2097
5/20/2018,May,3,20,Lamar,Rudys,136161,17916.73,4151
5/20/2018,May,3,20,620,Rudys,130411,20891.18,5629
5/20/2018,May,3,20,Round Rock,Rudys,203661,29509.62,9332
5/20/2018,May,3,20,360,Rudys,212354,47729.85,8479
5/20/2018,May,3,20,183,Rudys,237819,55998.64,10064
5/27/2018,May,4,21,MF1,Mighty Fine,56949,0,5459
5/27/2018,May,4,21,MF2,Mighty Fine,52701,0,5223
5/27/2018,May,4,21,MF3,Mighty Fine,67943,0,6684
5/27/2018,May,4,21,MF4,Mighty Fine,50860,0,6265
5/27/2018,May,4,21,MFT1,Mighty Fine,0,0,0
5/27/2018,May,4,21,MFT2,Mighty Fine,22151,0,2189
5/27/2018,May,4,21,Lamar,Rudys,125790,23324.53,7053
5/27/2018,May,4,21,620,Rudys,156755,30942.18,6456
5/27/2018,May,4,21,360,Rudys,229367,56414.49,8764
5/27/2018,May,4,21,Round Rock,Rudys,245680,58499.53,9899
5/27/2018,May,4,21,183,Rudys,257698,63607.17,10510
6/3/2018,May,5,22,MF1,Mighty Fine,58555,0,5718
6/3/2018,May,5,22,MF2,Mighty Fine,58445,0,5793
6/3/2018,May,5,22,MF3,Mighty Fine,68262,0,6870
6/3/2018,May,5,22,MF4,Mighty Fine,67478,0,6859
6/3/2018,May,5,22,MFT1,Mighty Fine,676,0,99
6/3/2018,May,5,22,MFT2,Mighty Fine,23133,0,2295
6/3/2018,May,5,22,Lamar,Rudys,115307,14187.23,6913
6/3/2018,May,5,22,620,Rudys,148951,23327.02,6374
6/3/2018,May,5,22,Round Rock,Rudys,231512,39513.85,10122
6/3/2018,May,5,22,360,Rudys,212625,41963.68,8837
6/3/2018,May,5,22,183,Rudys,254328,42451.25,10511
6/10/2018,Jun,1,23,MF1,Mighty Fine,58086,0,5628
6/10/2018,Jun,1,23,MF2,Mighty Fine,51815,0,5113
6/10/2018,Jun,1,23,MF3,Mighty Fine,65847,0,6656
6/10/2018,Jun,1,23,MF4,Mighty Fine,72754,0,7478
6/10/2018,Jun,1,23,MFT1,Mighty Fine,319,0,47
6/10/2018,Jun,1,23,MFT2,Mighty Fine,22190,0,2198
6/10/2018,Jun,1,23,Lamar,Rudys,108113,11969.24,6627
6/10/2018,Jun,1,23,620,Rudys,147761,28053.33,6147
6/10/2018,Jun,1,23,Round Rock,Rudys,210718,34700.19,9303
6/10/2018,Jun,1,23,183,Rudys,257501,35663.4,10548
6/10/2018,Jun,1,23,360,Rudys,199257,50450.49,7746
6/17/2018,Jun,2,24,MF1,Mighty Fine,57274,0,5523
6/17/2018,Jun,2,24,MF2,Mighty Fine,51874,0,5062
6/17/2018,Jun,2,24,MF3,Mighty Fine,67020,0,6666
6/17/2018,Jun,2,24,MF4,Mighty Fine,70037.15,0,6792
6/17/2018,Jun,2,24,MFT1,Mighty Fine,1094.23,0,143
6/17/2018,Jun,2,24,MFT2,Mighty Fine,21249,0,2114
6/17/2018,Jun,2,24,Lamar,Rudys,110626.14,14051.93,6724
6/17/2018,Jun,2,24,620,Rudys,138459,16047.67,6287
6/17/2018,Jun,2,24,183,Rudys,262936.44,27626.46,11109
6/17/2018,Jun,2,24,Round Rock,Rudys,240054,46265.64,10297
6/17/2018,Jun,2,24,360,Rudys,210225,46398.68,8635
6/23/2018,Jun,3,25,MF1,Mighty Fine,57734,0,5613
6/23/2018,Jun,3,25,MF2,Mighty Fine,50524,0,4928
6/23/2018,Jun,3,25,MF3,Mighty Fine,66727,0,6626
6/23/2018,Jun,3,25,MF4,Mighty Fine,61606.92,0,6282
6/23/2018,Jun,3,25,MFT2,Mighty Fine,19567,0,1952
6/23/2018,Jun,3,25,Lamar,Rudys,104717.37,15994.09,6175
6/23/2018,Jun,3,25,620,Rudys,130057,21546.81,5547
6/23/2018,Jun,3,25,183,Rudys,246971.29,27952.47,10086
6/23/2018,Jun,3,25,360,Rudys,179597,31716.87,7703
6/23/2018,Jun,3,25,Round Rock,Rudys,204604,33016.78,9147
7/1/2018,Jun,4,26,MF1,Mighty Fine,58066.22,0,5601
7/1/2018,Jun,4,26,MF2,Mighty Fine,51835.62,0,5063
7/1/2018,Jun,4,26,MF3,Mighty Fine,61884.71,0,6167
7/1/2018,Jun,4,26,MF4,Mighty Fine,61684.17,0,6281
7/1/2018,Jun,4,26,MFT2,Mighty Fine,21662.07,0,2157
7/1/2018,Jun,4,26,Lamar,Rudys,101522.8,11373.75,6036
7/1/2018,Jun,4,26,620,Rudys,131832,16612.01,5908
7/1/2018,Jun,4,26,183,Rudys,216883.89,27761.14,10404
7/1/2018,Jun,4,26,Round Rock,Rudys,199077,30096.82,8797
7/1/2018,Jun,4,26,360,Rudys,183451,38513.32,7470
7/8/2018,Jul,1,27,MF1,Mighty Fine,55816,0,5442
7/8/2018,Jul,1,27,MF2,Mighty Fine,49372,0,4861
7/8/2018,Jul,1,27,MF3,Mighty Fine,64246,0,6343
7/8/2018,Jul,1,27,MF4,Mighty Fine,61373.47,0,6210
7/8/2018,Jul,1,27,MFT2,Mighty Fine,18929,0,1879
7/8/2018,Jul,1,27,Lamar,Rudys,121772.94,16771.74,7007
7/8/2018,Jul,1,27,620,Rudys,147748,27657.53,6240
7/8/2018,Jul,1,27,Round Rock,Rudys,228239,35063.9,10378
7/8/2018,Jul,1,27,360,Rudys,199742,36332.51,8483
7/8/2018,Jul,1,27,183,Rudys,223111.33,38744.96,10769
7/15/2018,Jul,2,28,MF1,Mighty Fine,55086,0,5341
7/15/2018,Jul,2,28,MF2,Mighty Fine,50147,0,4933
7/15/2018,Jul,2,28,MF3,Mighty Fine,58780,0,5866
7/15/2018,Jul,2,28,MF4,Mighty Fine,62391,0,6428
7/15/2018,Jul,2,28,MFT2,Mighty Fine,18358,0,1861
7/15/2018,Jul,2,28,Lamar,Rudys,101504,15708,6152
7/15/2018,Jul,2,28,620,Rudys,120178,16486,5341
7/15/2018,Jul,2,28,183,Rudys,200688,33220,9478
7/15/2018,Jul,2,28,Round Rock,Rudys,202162,33545,8652
7/15/2018,Jul,2,28,360,Rudys,174575,34579.75,7157
7/22/2018,Jul,3,29,MF1,Mighty Fine,55830,0,5396
7/22/2018,Jul,3,29,MF2,Mighty Fine,51965,0,4634
7/22/2018,Jul,3,29,MF3,Mighty Fine,60135,0,5936
7/22/2018,Jul,3,29,MF4,Mighty Fine,60556,0,6133
7/22/2018,Jul,3,29,MFT2,Mighty Fine,19198,0,1917
7/22/2018,Jul,3,29,Lamar,Rudys,101860,11753.97,6283
7/22/2018,Jul,3,29,620,Rudys,126751,18068.29,5572
7/22/2018,Jul,3,29,183,Rudys,216734,31696,10100
7/22/2018,Jul,3,29,Round Rock,Rudys,206884,32723.01,8946
7/22/2018,Jul,3,29,360,Rudys,180339,34044.28,8401
7/29/2018,Jul,4,30,MF1,Mighty Fine,55486,0,5321
7/29/2018,Jul,4,30,MF2,Mighty Fine,49627,0,5790
7/29/2018,Jul,4,30,MF3,Mighty Fine,56586,0,6491
7/29/2018,Jul,4,30,MF4,Mighty Fine,58427,0,6767
7/29/2018,Jul,4,30,MFT2,Mighty Fine,19197,0,1895
7/29/2018,Jul,4,30,Lamar,Rudys,101936,14674.1,7098
7/29/2018,Jul,4,30,620,Rudys,131054,17773.31,6298
7/29/2018,Jul,4,30,360,Rudys,171486,26255.26,10019
7/29/2018,Jul,4,30,Round Rock,Rudys,212411,38143.95,10495
7/29/2018,Jul,4,30,183,Rudys,212911,42783.3,11433
8/5/2018,Aug,1,31,MF1,Mighty Fine,58795.08,0,5735
8/5/2018,Aug,1,31,MF2,Mighty Fine,52322.02,0,5175
8/5/2018,Aug,1,31,MF3,Mighty Fine,63067.91,0,6399
8/5/2018,Aug,1,31,MF4,Mighty Fine,60519.62,0,6166
8/5/2018,Aug,1,31,MFT2,Mighty Fine,19887,0,1963
8/5/2018,Aug,1,31,620,Rudys,132404,17876.49,5887
8/5/2018,Aug,1,31,Lamar,Rudys,112842.19,18668.37,6954
8/5/2018,Aug,1,31,Round Rock,Rudys,200222,31953.85,10162
8/5/2018,Aug,1,31,360,Rudys,180942.03,32226.95,8842
8/5/2018,Aug,1,31,183,Rudys,205350.63,40544.47,9668
8/12/2018,Aug,2,32,MF1,Mighty Fine,56637.83,0,5580
8/12/2018,Aug,2,32,MF2,Mighty Fine,55239.49,0,5298
8/12/2018,Aug,2,32,MF3,Mighty Fine,64274.09,0,6500
8/12/2018,Aug,2,32,MF4,Mighty Fine,66730.54,0,6894
8/12/2018,Aug,2,32,MFT2,Mighty Fine,19693.32,0,1960
8/12/2018,Aug,2,32,Lamar,Rudys,101251.71,12492.55,6454
8/12/2018,Aug,2,32,620,Rudys,128497,17147.55,6148
8/12/2018,Aug,2,32,Round Rock,Rudys,203853,26769.78,10521
8/12/2018,Aug,2,32,360,Rudys,180488.39,36479.05,8776
8/12/2018,Aug,2,32,183,Rudys,214123.71,41310.24,10395
8/19/2018,Aug,3,33,MF1,Mighty Fine,59186,0,5739
8/19/2018,Aug,3,33,MF2,Mighty Fine,55371,0,5418
8/19/2018,Aug,3,33,MF3,Mighty Fine,63752,0,6296
8/19/2018,Aug,3,33,MF4,Mighty Fine,67326,0,6767
8/19/2018,Aug,3,33,MFT2,Mighty Fine,19779,0,1982
8/19/2018,Aug,3,33,Lamar,Rudys,105610,14364.28,6091
8/19/2018,Aug,3,33,620,Rudys,129598,18486.46,6014
8/19/2018,Aug,3,33,Round Rock,Rudys,204103,36094.53,10440
8/19/2018,Aug,3,33,360,Rudys,183321,40619.98,8826
8/19/2018,Aug,3,33,183,Rudys,212837,44444.07,10941
8/26/2018,Aug,4,34,MF1,Mighty Fine,52521,0,5039
8/26/2018,Aug,4,34,MF2,Mighty Fine,49990,0,4847
8/26/2018,Aug,4,34,MF3,Mighty Fine,53589,0,5274
8/26/2018,Aug,4,34,MF4,Mighty Fine,56009,0,5618
8/26/2018,Aug,4,34,MFT2,Mighty Fine,18844,0,1877
8/26/2018,Aug,4,34,Lamar,Rudys,103776,12259.72,6042
8/26/2018,Aug,4,34,620,Rudys,126256,21051.96,5601
8/26/2018,Aug,4,34,Round Rock,Rudys,196696,30210.08,10138
8/26/2018,Aug,4,34,360,Rudys,182131,44908.52,8052
8/26/2018,Aug,4,34,183,Rudys,210350,46932,10588
9/2/2018,Sep,1,35,MF1,Mighty Fine,50724,0,4878
9/2/2018,Sep,1,35,MF2,Mighty Fine,47525,0,4679
9/2/2018,Sep,1,35,MF3,Mighty Fine,54967,0,5550
9/2/2018,Sep,1,35,MF4,Mighty Fine,54888,0,5560
9/2/2018,Sep,1,35,MFT2,Mighty Fine,19240,0,1922
9/2/2018,Sep,1,35,Lamar,Rudys,117029,21580.82,6489
9/2/2018,Sep,1,35,620,Rudys,135039,24946.06,5984
9/2/2018,Sep,1,35,360,Rudys,181219,33587.05,8877
9/2/2018,Sep,1,35,Round Rock,Rudys,206659,34559.09,10418
9/2/2018,Sep,1,35,183,Rudys,206372,38799.67,10966
9/9/2018,Sep,2,36,MF1,Mighty Fine,49789,0,4879
9/9/2018,Sep,2,36,MF2,Mighty Fine,44315,0,4368
9/9/2018,Sep,2,36,MF3,Mighty Fine,50338,0,5007
9/9/2018,Sep,2,36,MF4,Mighty Fine,54811,0,5552
9/9/2018,Sep,2,36,MFT2,Mighty Fine,18861,0,1908
9/9/2018,Sep,2,36,620,Rudys,114371,14089.72,5716
9/9/2018,Sep,2,36,Lamar,Rudys,107805,17780.41,6050
9/9/2018,Sep,2,36,360,Rudys,155653,23126.95,8059
9/9/2018,Sep,2,36,Round Rock,Rudys,195247,33241.51,9980
9/9/2018,Sep,2,36,183,Rudys,198232,38777.94,9573
9/16/2018,Sep,3,37,MF1,Mighty Fine,50924,0,4934
9/16/2018,Sep,3,37,MF2,Mighty Fine,47239,0,4661
9/16/2018,Sep,3,37,MF3,Mighty Fine,48285,0,4808
9/16/2018,Sep,3,37,MF4,Mighty Fine,51048,0,5112
9/16/2018,Sep,3,37,MFT2,Mighty Fine,18698,0,1864
9/16/2018,Sep,3,37,Lamar,Rudys,108171,12280.01,6113
9/16/2018,Sep,3,37,620,Rudys,117091,19614.73,5360
9/16/2018,Sep,3,37,Round Rock,Rudys,189856,36995.56,9537
9/16/2018,Sep,3,37,360,Rudys,177698,44401.1,8048
9/16/2018,Sep,3,37,183,Rudys,206124,46396.21,9203
9/23/2018,Sep,4,38,MF1,Mighty Fine,48135,0,4657
9/23/2018,Sep,4,38,MF2,Mighty Fine,45465,0,4473
9/23/2018,Sep,4,38,MF3,Mighty Fine,50215,0,4958
9/23/2018,Sep,4,38,MF4,Mighty Fine,53447,0,5366
9/23/2018,Sep,4,38,MFT2,Mighty Fine,18527,0,1858
9/23/2018,Sep,4,38,620,Rudys,118834,23833.14,5280
9/23/2018,Sep,4,38,Lamar,Rudys,117411,25128.37,6165
9/23/2018,Sep,4,38,360,Rudys,169994,26498.3,8668
9/23/2018,Sep,4,38,Round Rock,Rudys,193840,38224.96,9646
9/23/2018,Sep,4,38,183,Rudys,214940,50577.47,9544
9/30/2018,Sep,5,39,MF1,Mighty Fine,47403,0,4644
9/30/2018,Sep,5,39,MF2,Mighty Fine,47816,0,4713
9/30/2018,Sep,5,39,MF3,Mighty Fine,51650,0,5084
9/30/2018,Sep,5,39,MF4,Mighty Fine,53962,0,5500
9/30/2018,Sep,5,39,MFT2,Mighty Fine,20047,0,1989
9/30/2018,Sep,5,39,620,Rudys,120199,18537.91,5534
9/30/2018,Sep,5,39,Lamar,Rudys,106565,19134.39,5915
9/30/2018,Sep,5,39,360,Rudys,165168,31574.47,7990
9/30/2018,Sep,5,39,Round Rock,Rudys,194300,37689.32,9465
9/30/2018,Sep,5,39,183,Rudys,212163,47665.07,9570
10/7/2018,Oct,1,40,MF1,Mighty Fine,52694,0,5104
10/7/2018,Oct,1,40,MF2,Mighty Fine,44707,0,4414
10/7/2018,Oct,1,40,MF3,Mighty Fine,50555,0,4975
10/7/2018,Oct,1,40,MF4,Mighty Fine,55021,0,5545
10/7/2018,Oct,1,40,MFT2,Mighty Fine,19059,0,1941
10/7/2018,Oct,1,40,Lamar,Rudys,106409,16505.56,5821
10/7/2018,Oct,1,40,620,Rudys,123549,19407.34,5755
10/7/2018,Oct,1,40,360,Rudys,178823,35349.83,8713
10/7/2018,Oct,1,40,Round Rock,Rudys,194994,40355.93,9300
10/7/2018,Oct,1,40,183,Rudys,210978,47683.4,9263
10/14/2018,Oct,2,41,MF1,Mighty Fine,54136,0,5231
10/14/2018,Oct,2,41,MF2,Mighty Fine,48424,0,4782
10/14/2018,Oct,2,41,MF3,Mighty Fine,52357,0,5177
10/14/2018,Oct,2,41,MF4,Mighty Fine,56502,0,5710
10/14/2018,Oct,2,41,MFT2,Mighty Fine,19141,0,1940
10/14/2018,Oct,2,41,620,Rudys,116316,14070.89,5390
10/14/2018,Oct,2,41,Lamar,Rudys,119078,22846.85,6282
10/14/2018,Oct,2,41,Round Rock,Rudys,187060,30047.59,9435
10/14/2018,Oct,2,41,360,Rudys,178817,31813.72,8694
10/14/2018,Oct,2,41,183,Rudys,212985,43969.19,9682
10/21/2018,Oct,3,42,MF1,Mighty Fine,52309,0,5112
10/21/2018,Oct,3,42,MF2,Mighty Fine,46852,0,4629
10/21/2018,Oct,3,42,MF3,Mighty Fine,49477,0,4819
10/21/2018,Oct,3,42,MF4,Mighty Fine,59708,0,6478
10/21/2018,Oct,3,42,MFT2,Mighty Fine,18553,0,1853
10/21/2018,Oct,3,42,620,Rudys,114616,12692.24,5572
10/21/2018,Oct,3,42,Lamar,Rudys,119380,23745.44,6377
10/21/2018,Oct,3,42,Round Rock,Rudys,195189,35960.63,9780
10/21/2018,Oct,3,42,183,Rudys,200556,38191.86,9390
10/21/2018,Oct,3,42,360,Rudys,181426,43466.64,8523
10/28/2018,Oct,4,43,MF1,Mighty Fine,58238,0,5564
10/28/2018,Oct,4,43,MF2,Mighty Fine,56177,0,5509
10/28/2018,Oct,4,43,MF3,Mighty Fine,57250,0,5627
10/28/2018,Oct,4,43,MF4,Mighty Fine,63705,0,6347
10/28/2018,Oct,4,43,MFT2,Mighty Fine,20292,0,2048
10/28/2018,Oct,4,43,620,Rudys,127651,17493.07,5820
10/28/2018,Oct,4,43,Lamar,Rudys,130620,25164.04,7135
10/28/2018,Oct,4,43,Round Rock,Rudys,207878,30541.51,10735
10/28/2018,Oct,4,43,360,Rudys,199181,40836.18,9513
10/28/2018,Oct,4,43,183,Rudys,228830,50208.02,10205
11/4/2018,Nov,1,44,MF1,Mighty Fine,53162,0,5158
11/4/2018,Nov,1,44,MF2,Mighty Fine,47829,0,4703
11/4/2018,Nov,1,44,MF3,Mighty Fine,56384,0,5548
11/4/2018,Nov,1,44,MF4,Mighty Fine,57009,0,5732
11/4/2018,Nov,1,44,MFT2,Mighty Fine,19573,0,1958
11/4/2018,Nov,1,44,620,Rudys,120041,17201.13,5427
11/4/2018,Nov,1,44,Lamar,Rudys,134211,31124.85,6871
11/4/2018,Nov,1,44,Round Rock,Rudys,201504,31774.36,10248
11/4/2018,Nov,1,44,360,Rudys,180595,35599.45,8547
11/4/2018,Nov,1,44,183,Rudys,220718,55231.45,9488
11/11/2018,Nov,2,45,MF1,Mighty Fine,47283,0,4645
11/11/2018,Nov,2,45,MF2,Mighty Fine,46589,0,4556
11/11/2018,Nov,2,45,MF3,Mighty Fine,50778,0,4941
11/11/2018,Nov,2,45,MF4,Mighty Fine,54225,0,5460
11/11/2018,Nov,2,45,MFT2,Mighty Fine,17814,0,1794
11/11/2018,Nov,2,45,620,Rudys,115429,15730.15,5245
11/11/2018,Nov,2,45,Lamar,Rudys,112143,21126.48,5976
11/11/2018,Nov,2,45,360,Rudys,177119,43121.04,7981
11/11/2018,Nov,2,45,Round Rock,Rudys,207083,49635.33,9454
11/11/2018,Nov,2,45,183,Rudys,214775,50924.79,9264
11/18/2018,Nov,3,46,MF1,Mighty Fine,53262,0,5177
11/18/2018,Nov,3,46,MF2,Mighty Fine,44864,0,4383
11/18/2018,Nov,3,46,MF3,Mighty Fine,51294,0,5084
11/18/2018,Nov,3,46,MF4,Mighty Fine,56666,0,5688
11/18/2018,Nov,3,46,MFT2,Mighty Fine,17657,0,1773
11/18/2018,Nov,3,46,620,Rudys,116528,18826.1,5200
11/18/2018,Nov,3,46,Lamar,Rudys,119822,29863.04,5799
11/18/2018,Nov,3,46,360,Rudys,181100,46438.89,8065
11/18/2018,Nov,3,46,Round Rock,Rudys,211895,50059.54,9735
11/18/2018,Nov,3,46,183,Rudys,239714,70870.74,9299
11/25/2018,Nov,4,47,MF1,Mighty Fine,53525,0,5214
11/25/2018,Nov,4,47,MF2,Mighty Fine,49307,0,4863
11/25/2018,Nov,4,47,MF3,Mighty Fine,62781,0,6215
11/25/2018,Nov,4,47,MF4,Mighty Fine,61051,0,6124
11/25/2018,Nov,4,47,MFT2,Mighty Fine,15606,0,1557
11/25/2018,Nov,4,47,620,Rudys,129846,15030.7,5702
11/25/2018,Nov,4,47,Lamar,Rudys,111403,27940.18,5277
11/25/2018,Nov,4,47,360,Rudys,195360,38589.21,9248
11/25/2018,Nov,4,47,Round Rock,Rudys,253401,54685.61,11250
11/25/2018,Nov,4,47,183,Rudys,240617,62115.95,9921
12/2/2018,Dec,1,48,MF1,Mighty Fine,53332,0,5109
12/2/2018,Dec,1,48,MF2,Mighty Fine,48498,0,4716
12/2/2018,Dec,1,48,MF3,Mighty Fine,54668,0,5379
12/2/2018,Dec,1,48,MF4,Mighty Fine,57289,0,5730
12/2/2018,Dec,1,48,MFT2,Mighty Fine,20054,0,2013
12/2/2018,Dec,1,48,620,Rudys,104382,11367.03,4958
12/2/2018,Dec,1,48,Lamar,Rudys,99450,18249.87,5247
12/2/2018,Dec,1,48,Round Rock,Rudys,175786,28291.65,8803
12/2/2018,Dec,1,48,360,Rudys,156615,32758.55,7241
12/2/2018,Dec,1,48,183,Rudys,180352,32906.41,8103
12/9/2018,Dec,2,49,MF1,Mighty Fine,51336,0,4892
12/9/2018,Dec,2,49,MF2,Mighty Fine,47965,0,4660
12/9/2018,Dec,2,49,MF3,Mighty Fine,50368,0,5012
12/9/2018,Dec,2,49,MF4,Mighty Fine,54539,0,5472
12/9/2018,Dec,2,49,MFT2,Mighty Fine,14838,0,1513
12/9/2018,Dec,2,49,620,Rudys,107420,17004.32,4864
12/9/2018,Dec,2,49,Lamar,Rudys,107628,19556.9,5728
12/9/2018,Dec,2,49,360,Rudys,160981,35745.43,7526
12/9/2018,Dec,2,49,Round Rock,Rudys,193089,48189.31,8701
12/9/2018,Dec,2,49,183,Rudys,214350,60463.91,8618
12/16/2018,Dec,3,50,MF1,Mighty Fine,55590,0,5329
12/16/2018,Dec,3,50,MF2,Mighty Fine,50975,0,5003
12/16/2018,Dec,3,50,MF3,Mighty Fine,56702,0,5560
12/16/2018,Dec,3,50,MF4,Mighty Fine,61746,0,6136
12/16/2018,Dec,3,50,MFT2,Mighty Fine,19339,0,1948
12/16/2018,Dec,3,50,620,Rudys,106946,16176.79,4718
12/16/2018,Dec,3,50,Lamar,Rudys,117727,30743.4,5567
12/16/2018,Dec,3,50,Round Rock,Rudys,202970,46360.27,9430
12/16/2018,Dec,3,50,360,Rudys,181794,54360.9,7459
12/16/2018,Dec,3,50,183,Rudys,227715,70125.42,8833
12/23/2018,Dec,4,51,MF1,Mighty Fine,61682,0,5777
12/23/2018,Dec,4,51,MF2,Mighty Fine,59025,0,5654
12/23/2018,Dec,4,51,MF3,Mighty Fine,63828,0,6189
12/23/2018,Dec,4,51,MF4,Mighty Fine,70066,0,6879
12/23/2018,Dec,4,51,MFT2,Mighty Fine,20499,0,2070
12/23/2018,Dec,4,51,620,Rudys,125676,17833.48,5908
12/23/2018,Dec,4,51,Lamar,Rudys,122756,31504.24,6019
12/23/2018,Dec,4,51,Round Rock,Rudys,250286,68661.67,11365
12/23/2018,Dec,4,51,360,Rudys,216529,70273.78,8934
12/23/2018,Dec,4,51,183,Rudys,268848,86392.29,10585
12/30/2018,Dec,5,52,MF1,Mighty Fine,50863,0,4822
12/30/2018,Dec,5,52,MF2,Mighty Fine,45030,0,4369
12/30/2018,Dec,5,52,MF3,Mighty Fine,56857,0,5486
12/30/2018,Dec,5,52,MF4,Mighty Fine,56086,0,5542
12/30/2018,Dec,5,52,MFT2,Mighty Fine,12788,0,1309
12/30/2018,Dec,5,52,620,Rudys,119092,18040.62,5780
12/30/2018,Dec,5,52,Lamar,Rudys,92504,20056.72,4979
12/30/2018,Dec,5,52,360,Rudys,163001,29073.55,8873
12/30/2018,Dec,5,52,183,Rudys,197387,36616.18,10018
12/30/2018,Dec,5,52,Round Rock,Rudys,239389,42180.36,12840
1/6/2019,Jan,1,1,MF1,Mighty Fine,54793,0,5249
1/6/2019,Jan,1,1,MF2,Mighty Fine,51292,0,4996
1/6/2019,Jan,1,1,MF3,Mighty Fine,63110,0,6154
1/6/2019,Jan,1,1,MF4,Mighty Fine,65823,0,6490
1/6/2019,Jan,1,1,MFT2,Mighty Fine,15753,0,1632
1/6/2019,Jan,1,1,620,Rudys,104674,9293.29,5471
1/6/2019,Jan,1,1,Lamar,Rudys,87915,10900.45,5321
1/6/2019,Jan,1,1,360,Rudys,144909,19703.59,8147
1/6/2019,Jan,1,1,183,Rudys,178140,22505.81,9402
1/6/2019,Jan,1,1,Round Rock,Rudys,188349,28812.7,10542
1/13/2019,Jan,2,2,MF1,Mighty Fine,54243,0,5110
1/13/2019,Jan,2,2,MF2,Mighty Fine,46055,0,4463
1/13/2019,Jan,2,2,MF3,Mighty Fine,50633,0,4884
1/13/2019,Jan,2,2,MF4,Mighty Fine,54628,0,5481
1/13/2019,Jan,2,2,MFT2,Mighty Fine,17707,0,1785
1/13/2019,Jan,2,2,620,Rudys,102654,12914.3,4930
1/13/2019,Jan,2,2,Lamar,Rudys,95608,16730.01,5314
1/13/2019,Jan,2,2,Round Rock,Rudys,172706,21820.24,9377
1/13/2019,Jan,2,2,360,Rudys,143668,23530.76,7402
1/13/2019,Jan,2,2,183,Rudys,180438,31335.4,8828
1/20/2019,Jan,3,3,MF1,Mighty Fine,50858,0,4788
1/20/2019,Jan,3,3,MF2,Mighty Fine,44767,0,4363
1/20/2019,Jan,3,3,MF3,Mighty Fine,50448,0,4960
1/20/2019,Jan,3,3,MF4,Mighty Fine,55714,0,5660
1/20/2019,Jan,3,3,MFT2,Mighty Fine,16866,0,1717
1/20/2019,Jan,3,3,620,Rudys,98890,11062.08,4756
1/20/2019,Jan,3,3,Lamar,Rudys,101901,17203.93,5723
1/20/2019,Jan,3,3,360,Rudys,148332,22443.78,7825
1/20/2019,Jan,3,3,Round Rock,Rudys,182539,32030.88,9326
1/20/2019,Jan,3,3,183,Rudys,190155,38368.39,8973
1/27/2019,Jan,4,4,MF1,Mighty Fine,55412,0,5325
1/27/2019,Jan,4,4,MF2,Mighty Fine,47880,0,4637
1/27/2019,Jan,4,4,MF3,Mighty Fine,54464,0,5335
1/27/2019,Jan,4,4,MF4,Mighty Fine,58065,0,5842
1/27/2019,Jan,4,4,MFT2,Mighty Fine,18617,0,1885
1/27/2019,Jan,4,4,620,Rudys,101049,10231,4989
1/27/2019,Jan,4,4,Lamar,Rudys,105471,20383,5783
1/27/2019,Jan,4,4,Round Rock,Rudys,191874,29154,10013
1/27/2019,Jan,4,4,360,Rudys,159095,32257,7743
1/27/2019,Jan,4,4,183,Rudys,199452,39657,9537
2/3/2019,Feb,1,5,MF1,Mighty Fine,48395,0,4602
2/3/2019,Feb,1,5,MF2,Mighty Fine,44691,0,4364
2/3/2019,Feb,1,5,MF3,Mighty Fine,47766,0,4643
2/3/2019,Feb,1,5,MF4,Mighty Fine,53766,0,5389
2/3/2019,Feb,1,5,MFT2,Mighty Fine,17769,0,1769
2/3/2019,Feb,1,5,620,Rudys,113370,14062.09,5487
2/3/2019,Feb,1,5,Lamar,Rudys,107151,18664.62,6068
2/3/2019,Feb,1,5,360,Rudys,161770,33047.82,7940
2/3/2019,Feb,1,5,183,Rudys,196419,41585.26,9170
2/3/2019,Feb,1,5,Round Rock,Rudys,200527,42650.8,9761
2/10/2019,Feb,2,6,MF1,Mighty Fine,48584,0,4577
2/10/2019,Feb,2,6,MF2,Mighty Fine,42758,0,4195
2/10/2019,Feb,2,6,MF3,Mighty Fine,46646,0,4514
2/10/2019,Feb,2,6,MF4,Mighty Fine,54629,0,5485
2/10/2019,Feb,2,6,MFT2,Mighty Fine,15590,0,1568
2/10/2019,Feb,2,6,620,Rudys,97768,10087,4802
2/10/2019,Feb,2,6,Lamar,Rudys,99782,17138,5571
2/10/2019,Feb,2,6,Round Rock,Rudys,174461,26304,9122
2/10/2019,Feb,2,6,360,Rudys,156119,34449,7591
2/10/2019,Feb,2,6,183,Rudys,189499,39732,8691
2/17/2019,Feb,3,7,MF1,Mighty Fine,51822,0,4920
2/17/2019,Feb,3,7,MF2,Mighty Fine,50471,0,4915
2/17/2019,Feb,3,7,MF3,Mighty Fine,53868,0,5262
2/17/2019,Feb,3,7,MF4,Mighty Fine,58221,0,5788
2/17/2019,Feb,3,7,MFT2,Mighty Fine,18367,0,1856
2/17/2019,Feb,3,7,620,Rudys,110187,11875,5424
2/17/2019,Feb,3,7,Lamar,Rudys,118279,26096,6217
2/17/2019,Feb,3,7,360,Rudys,166394,26586,8627
2/17/2019,Feb,3,7,Round Rock,Rudys,194468,27780,10253
2/17/2019,Feb,3,7,183,Rudys,206527,39816,9830
2/24/2019,Feb,4,8,MF1,Mighty Fine,55904,0,5302
2/24/2019,Feb,4,8,MF2,Mighty Fine,51862,0,5066
2/24/2019,Feb,4,8,MF3,Mighty Fine,58652,0,5703
2/24/2019,Feb,4,8,MF4,Mighty Fine,63708,0,6398
2/24/2019,Feb,4,8,MFT2,Mighty Fine,19507,0,1967
2/24/2019,Feb,4,8,620,Rudys,112380,12395,5364
2/24/2019,Feb,4,8,360,Rudys,165873,23452,8802
2/24/2019,Feb,4,8,Lamar,Rudys,113851,23806,6148
2/24/2019,Feb,4,8,Round Rock,Rudys,205568,30605,10833
2/24/2019,Feb,4,8,183,Rudys,211795,41899,9895
3/3/2019,Mar,1,9,MF1,Mighty Fine,50819,0,4693
3/3/2019,Mar,1,9,MF2,Mighty Fine,47984,0,4607
3/3/2019,Mar,1,9,MF3,Mighty Fine,54880,0,5223
3/3/2019,Mar,1,9,MF4,Mighty Fine,60544,0,6010
3/3/2019,Mar,1,9,MFT2,Mighty Fine,17645,0,1779
3/3/2019,Mar,1,9,620,Rudys,116052,16000,5598
3/3/2019,Mar,1,9,Lamar,Rudys,113974,22415,6105
3/3/2019,Mar,1,9,Round Rock,Rudys,206406,32611,10798
3/3/2019,Mar,1,9,360,Rudys,176671,39403,8432
3/3/2019,Mar,1,9,183,Rudys,208340,44148,9721
3/10/2019,Mar,2,10,MF1,Mighty Fine,52078,0,4814
3/10/2019,Mar,2,10,MF2,Mighty Fine,51226,0,4922
3/10/2019,Mar,2,10,MF3,Mighty Fine,55206,0,5332
3/10/2019,Mar,2,10,MF4,Mighty Fine,60654,0,5951
3/10/2019,Mar,2,10,MFT2,Mighty Fine,20086,0,1971
3/10/2019,Mar,2,10,620,Rudys,106890,6495,5374
3/10/2019,Mar,2,10,Lamar,Rudys,109307,20131,6019
3/10/2019,Mar,2,10,Round Rock,Rudys,206485,30492,10903
3/10/2019,Mar,2,10,360,Rudys,183464,40089,8889
3/10/2019,Mar,2,10,183,Rudys,210417,45421,9727
3/17/2019,Mar,3,11,MF1,Mighty Fine,54423,0,5076
3/17/2019,Mar,3,11,MF2,Mighty Fine,52690,0,5059
3/17/2019,Mar,3,11,MF3,Mighty Fine,63139,0,6076
3/17/2019,Mar,3,11,MF4,Mighty Fine,60518,0,6005
3/17/2019,Mar,3,11,MFT2,Mighty Fine,19972,0,1981
3/17/2019,Mar,3,11,620,Rudys,115382,8841,6003
3/17/2019,Mar,3,11,Lamar,Rudys,119219,21693,6616
3/17/2019,Mar,3,11,Round Rock,Rudys,213956,29139,11581
3/17/2019,Mar,3,11,360,Rudys,179064,31421,9115
3/17/2019,Mar,3,11,183,Rudys,206511,35187,10202
3/24/2019,Mar,4,12,MF1,Mighty Fine,54760,0,5064
3/24/2019,Mar,4,12,MF2,Mighty Fine,48738,0,4698
3/24/2019,Mar,4,12,MF3,Mighty Fine,62003,0,5991
3/24/2019,Mar,4,12,MF4,Mighty Fine,61189,0,6024
3/24/2019,Mar,4,12,MFT2,Mighty Fine,18969,0,1835
3/24/2019,Mar,4,12,620,Rudys,112945,10035,5752
3/24/2019,Mar,4,12,Lamar,Rudys,106880,19318,5889
3/24/2019,Mar,4,12,360,Rudys,166686,19956,8918
3/24/2019,Mar,4,12,183,Rudys,200601,29645,9927
3/24/2019,Mar,4,12,Round Rock,Rudys,219047,34269,11601
3/31/2019,Mar,5,13,MF1,Mighty Fine,54316,0,5021
3/31/2019,Mar,5,13,MF2,Mighty Fine,50114,0,4803
3/31/2019,Mar,5,13,MF3,Mighty Fine,55858,0,5396
3/31/2019,Mar,5,13,MF4,Mighty Fine,58452,0,5773
3/31/2019,Mar,5,13,MFT2,Mighty Fine,21680,0,2146
3/31/2019,Mar,5,13,620,Rudys,130526,18364,6256
3/31/2019,Mar,5,13,Lamar,Rudys,127423,26176,6944
3/31/2019,Mar,5,13,360,Rudys,196260,34679,9836
3/31/2019,Mar,5,13,183,Rudys,224337,47149,10367
3/31/2019,Mar,5,13,Round Rock,Rudys,244246,48058,12086
4/7/2019,Apr,1,14,MF1,Mighty Fine,50444,0,4681
4/7/2019,Apr,1,14,MF2,Mighty Fine,49438,0,4792
4/7/2019,Apr,1,14,MF3,Mighty Fine,53386,0,5141
4/7/2019,Apr,1,14,MF4,Mighty Fine,57492,0,5701
4/7/2019,Apr,1,14,MFT2,Mighty Fine,18393,0,1859
4/7/2019,Apr,1,14,620,Rudys,114791,12460,5754
4/7/2019,Apr,1,14,Lamar,Rudys,120287,29908,6038
4/7/2019,Apr,1,14,Round Rock,Rudys,210813,34592,10945
4/7/2019,Apr,1,14,183,Rudys,202393,34705,9874
4/7/2019,Apr,1,14,360,Rudys,173470,34928,8260
4/14/2019,Apr,2,15,MF1,Mighty Fine,55234,0,5083
4/14/2019,Apr,2,15,MF2,Mighty Fine,52623,0,5064
4/14/2019,Apr,2,15,MF3,Mighty Fine,55936,0,5394
4/14/2019,Apr,2,15,MF4,Mighty Fine,61946,0,6091
4/14/2019,Apr,2,15,MFT2,Mighty Fine,21623,0,2147
4/14/2019,Apr,2,15,620,Rudys,124642,15588,6041
4/14/2019,Apr,2,15,Lamar,Rudys,128622,27104,6859
4/14/2019,Apr,2,15,Round Rock,Rudys,227280,37660,11704
4/14/2019,Apr,2,15,360,Rudys,209083,46819,9820
4/14/2019,Apr,2,15,183,Rudys,227955,48501,10670
4/21/2019,Apr,3,16,MF1,Mighty Fine,50461,0,4645
4/21/2019,Apr,3,16,MF2,Mighty Fine,48406,0,4619
4/21/2019,Apr,3,16,MF3,Mighty Fine,56608,0,5462
4/21/2019,Apr,3,16,MF4,Mighty Fine,57505,0,5658
4/21/2019,Apr,3,16,MFT2,Mighty Fine,22118,0,2168
4/21/2019,Apr,3,16,620,Rudys,133300,17325,6613
4/21/2019,Apr,3,16,Lamar,Rudys,126756,29699,6626
4/21/2019,Apr,3,16,Round Rock,Rudys,258443,54326,12767
4/21/2019,Apr,3,16,360,Rudys,225883,54772,10515
4/21/2019,Apr,3,16,183,Rudys,245362,60625,11374
4/28/2019,Apr,4,17,MF1,Mighty Fine,54262,0,5111
4/28/2019,Apr,4,17,MF2,Mighty Fine,49203,0,4741
4/28/2019,Apr,4,17,MF3,Mighty Fine,62026,0,5940
4/28/2019,Apr,4,17,MF4,Mighty Fine,59321,0,5912
4/28/2019,Apr,4,17,MFT2,Mighty Fine,21767,0,2150
4/28/2019,Apr,4,17,Lamar,Rudys,111925,18786,6285
4/28/2019,Apr,4,17,620,Rudys,130378,24008,5780
4/28/2019,Apr,4,17,Round Rock,Rudys,216086,37492,10517
4/28/2019,Apr,4,17,360,Rudys,200938,50150,8854
4/28/2019,Apr,4,17,183,Rudys,215223,51396,9403
5/5/2019,May,1,18,MF1,Mighty Fine,53698,0,5035
5/5/2019,May,1,18,MF2,Mighty Fine,48543,0,4635
5/5/2019,May,1,18,MF3,Mighty Fine,58516,0,5607
5/5/2019,May,1,18,MF4,Mighty Fine,58726,0,5811
5/5/2019,May,1,18,MFT2,Mighty Fine,21515,0,2105
5/5/2019,May,1,18,620,Rudys,124595,13015,5848
5/5/2019,May,1,18,Lamar,Rudys,122250,27969,6240
5/5/2019,May,1,18,Round Rock,Rudys,217320,35190,10860
5/5/2019,May,1,18,360,Rudys,192334,43450,8664
5/5/2019,May,1,18,183,Rudys,225242,59251,9404
5/12/2019,May,2,19,MF1,Mighty Fine,52073,0,4839
5/12/2019,May,2,19,MF2,Mighty Fine,45555,0,4351
5/12/2019,May,2,19,MF3,Mighty Fine,54851,0,5289
5/12/2019,May,2,19,MF4,Mighty Fine,57929,0,5731
5/12/2019,May,2,19,MFT2,Mighty Fine,18380,0,1813
5/12/2019,May,2,19,620,Rudys,125969,16218,6035
5/12/2019,May,2,19,Lamar,Rudys,122394,31116,5983
5/12/2019,May,2,19,360,Rudys,196200,40555,9547
5/12/2019,May,2,19,Round Rock,Rudys,252922,53043,12140
5/12/2019,May,2,19,183,Rudys,243343,60743,10528
5/19/2019,May,3,20,MF1,Mighty Fine,56962,0,5345
5/19/2019,May,3,20,MF2,Mighty Fine,51373,0,4913
5/19/2019,May,3,20,MF3,Mighty Fine,60034,0,5756
5/19/2019,May,3,20,MF4,Mighty Fine,61419,0,6066
5/19/2019,May,3,20,MFT2,Mighty Fine,22774,0,2212
5/19/2019,May,3,20,Lamar,Rudys,123500,26727,6548
5/19/2019,May,3,20,620,Rudys,141166,27720,5988
5/19/2019,May,3,20,183,Rudys,214573,43505,9812
5/19/2019,May,3,20,Round Rock,Rudys,235592,54852,10708
5/19/2019,May,3,20,360,Rudys,218706,59808,9372
5/26/2019,May,4,21,MF1,Mighty Fine,57496,0,5360
5/26/2019,May,4,21,MF2,Mighty Fine,53226,0,5141
5/26/2019,May,4,21,MF3,Mighty Fine,61479,0,6001
5/26/2019,May,4,21,MF4,Mighty Fine,62711,0,6222
5/26/2019,May,4,21,MFT2,Mighty Fine,23242,0,2283
5/26/2019,May,4,21,Lamar,Rudys,142863,38680,6934
5/26/2019,May,4,21,620,Rudys,167366,39015,6932
5/26/2019,May,4,21,360,Rudys,236972,61860,10325
5/26/2019,May,4,21,183,Rudys,252485,63008,11062
5/26/2019,May,4,21,Round Rock,Rudys,291839,83104,12505
6/2/2019,May,5,22,MF1,Mighty Fine,58247,0,5458
6/2/2019,May,5,22,MF2,Mighty Fine,55268,0,5430
6/2/2019,May,5,22,MF3,Mighty Fine,67716,0,6622
6/2/2019,May,5,22,MF4,Mighty Fine,73322,0,7288
6/2/2019,May,5,22,MFT2,Mighty Fine,23624,0,2340
6/2/2019,May,5,22,620,Rudys,160931,26483,7206
6/2/2019,May,5,22,Lamar,Rudys,130256,33105,6364
6/2/2019,May,5,22,360,Rudys,218008,47208,10009
6/2/2019,May,5,22,Round Rock,Rudys,262589,49842,12983
6/2/2019,May,5,22,183,Rudys,243502,51275,10968
6/9/2019,Jun,1,23,MF1,Mighty Fine,55888,0,5256
6/9/2019,Jun,1,23,MF2,Mighty Fine,51877,0,5063
6/9/2019,Jun,1,23,MF3,Mighty Fine,65260,0,6378
6/9/2019,Jun,1,23,MF4,Mighty Fine,64273,0,6349
6/9/2019,Jun,1,23,MFT2,Mighty Fine,21006,0,2073
6/9/2019,Jun,1,23,620,Rudys,133967,21138,6041
6/9/2019,Jun,1,23,Lamar,Rudys,115701,27827,5922
6/9/2019,Jun,1,23,Round Rock,Rudys,214080,30201,10922
6/9/2019,Jun,1,23,360,Rudys,192660,40182,8727
6/9/2019,Jun,1,23,183,Rudys,218359,49244,9612
6/16/2019,Jun,2,24,MF1,Mighty Fine,55715,0,5157
6/16/2019,Jun,2,24,MF2,Mighty Fine,52607,0,5054
6/16/2019,Jun,2,24,MF3,Mighty Fine,67909,0,6651
6/16/2019,Jun,2,24,MF4,Mighty Fine,64233,0,6438
6/16/2019,Jun,2,24,MFT2,Mighty Fine,22339,0,2214
6/16/2019,Jun,2,24,620,Rudys,140888,18681,6718
6/16/2019,Jun,2,24,Lamar,Rudys,125324,30326,6444
6/16/2019,Jun,2,24,360,Rudys,206801,39832,9929
6/16/2019,Jun,2,24,183,Rudys,228744,44307,10679
6/16/2019,Jun,2,24,Round Rock,Rudys,271207,56776,12962
6/23/2019,Jun,3,25,MF1,Mighty Fine,59116,0,5505
6/23/2019,Jun,3,25,MF2,Mighty Fine,51530,0,4999
6/23/2019,Jun,3,25,MF3,Mighty Fine,63399,0,6108
6/23/2019,Jun,3,25,MF4,Mighty Fine,59556,0,5966
6/23/2019,Jun,3,25,MFT2,Mighty Fine,20868,0,2068
6/23/2019,Jun,3,25,620,Rudys,123953,12193,5736
6/23/2019,Jun,3,25,360,Rudys,177469,23918,8963
6/23/2019,Jun,3,25,Lamar,Rudys,109764,24674,5643
6/23/2019,Jun,3,25,Round Rock,Rudys,215315,31202,10734
6/23/2019,Jun,3,25,183,Rudys,209984,42872,9396
6/30/2019,Jun,4,26,MF1,Mighty Fine,58497,0,5472
6/30/2019,Jun,4,26,MF2,Mighty Fine,51648,0,5048
6/30/2019,Jun,4,26,MF3,Mighty Fine,63430,0,6168
6/30/2019,Jun,4,26,MF4,Mighty Fine,61515,0,6152
6/30/2019,Jun,4,26,MFT2,Mighty Fine,21442,0,2111
6/30/2019,Jun,4,26,Lamar,Rudys,107782,22839,5774
6/30/2019,Jun,4,26,620,Rudys,134462,23649,5974
6/30/2019,Jun,4,26,360,Rudys,186192,33314,8841
6/30/2019,Jun,4,26,Round Rock,Rudys,214598,33418,10659
6/30/2019,Jun,4,26,183,Rudys,215813,48131,9511
7/7/2019,Jul,1,27,MF1,Mighty Fine,53689,0,5011
7/7/2019,Jul,1,27,MF2,Mighty Fine,50872,0,4893
7/7/2019,Jul,1,27,MF3,Mighty Fine,60046,0,5850
7/7/2019,Jul,1,27,MF4,Mighty Fine,58185,0,5784
7/7/2019,Jul,1,27,MFT2,Mighty Fine,21985,0,2169
7/7/2019,Jul,1,27,620,Rudys,153253,22773,7187
7/7/2019,Jul,1,27,Lamar,Rudys,123834,26749,6544
7/7/2019,Jul,1,27,183,Rudys,218964,37757,10812
7/7/2019,Jul,1,27,Round Rock,Rudys,258732,46046,13286
7/7/2019,Jul,1,27,360,Rudys,229447,51831,10570
7/14/2019,Jul,2,28,MF1,Mighty Fine,52940,0,4947
7/14/2019,Jul,2,28,MF2,Mighty Fine,50216,0,4934
7/14/2019,Jul,2,28,MF3,Mighty Fine,57815,0,5604
7/14/2019,Jul,2,28,MF4,Mighty Fine,60369,0,5974
7/14/2019,Jul,2,28,MFT2,Mighty Fine,19953,0,1989
7/14/2019,Jul,2,28,620,Rudys,118689,13654,5449
7/14/2019,Jul,2,28,Lamar,Rudys,109172,25461,5496
7/14/2019,Jul,2,28,Round Rock,Rudys,208019,31417,10392
7/14/2019,Jul,2,28,360,Rudys,183368,36645,8508
7/14/2019,Jul,2,28,183,Rudys,204551,41067,9343
7/21/2019,Jul,3,29,MF1,Mighty Fine,55311,0,5182
7/21/2019,Jul,3,29,MF2,Mighty Fine,50488,0,4916
7/21/2019,Jul,3,29,MF3,Mighty Fine,61123,0,5814
7/21/2019,Jul,3,29,MF4,Mighty Fine,63488,0,6418
7/21/2019,Jul,3,29,MFT2,Mighty Fine,20105,0,1997
7/21/2019,Jul,3,29,620,Rudys,123701,15740,5753
7/21/2019,Jul,3,29,Lamar,Rudys,105630,22425,5457
7/21/2019,Jul,3,29,Round Rock,Rudys,219380,38420,10606
7/21/2019,Jul,3,29,183,Rudys,202651,40491,9296
7/21/2019,Jul,3,29,360,Rudys,173700,55573,8183
7/28/2019,Jul,4,30,MF1,Mighty Fine,54298,0,5118
7/28/2019,Jul,4,30,MF2,Mighty Fine,53006,0,5206
7/28/2019,Jul,4,30,MF3,Mighty Fine,66659,0,6473
7/28/2019,Jul,4,30,MF4,Mighty Fine,61094,0,6126
7/28/2019,Jul,4,30,MFT2,Mighty Fine,21206,0,2078
7/28/2019,Jul,4,30,620,Rudys,129005,17890,5780
7/28/2019,Jul,4,30,Lamar,Rudys,105207,19487,5728
7/28/2019,Jul,4,30,360,Rudys,180267,30264,8658
7/28/2019,Jul,4,30,Round Rock,Rudys,211435,31704,10599
7/28/2019,Jul,4,30,183,Rudys,209572,42671,9603
8/4/2019,Aug,1,31,MF1,Mighty Fine,58637,,5524
8/4/2019,Aug,1,31,MF2,Mighty Fine,54410,,5302
8/4/2019,Aug,1,31,MF3,Mighty Fine,67378,,6521
8/4/2019,Aug,1,31,MF4,Mighty Fine,61023,,6116
8/4/2019,Aug,1,31,MFT2,Mighty Fine,20454,,2019
8/4/2019,Aug,1,31,620,Rudys,131900,18766,6039
8/4/2019,Aug,1,31,Lamar,Rudys,108443,21958,5669
8/4/2019,Aug,1,31,360,Rudys,182915,58335,8681
8/4/2019,Aug,1,31,Round Rock,Rudys,224577,35084,11424
8/4/2019,Aug,1,31,183,Rudys,207398,42300,9438
8/11/2019,Aug,2,32,MF1,Mighty Fine,57523,,5425
8/11/2019,Aug,2,32,MF2,Mighty Fine,52847,,5126
8/11/2019,Aug,2,32,MF3,Mighty Fine,66913,,6483
8/11/2019,Aug,2,32,MF4,Mighty Fine,67548,,6714
8/11/2019,Aug,2,32,MFT2,Mighty Fine,18704,,1817
8/11/2019,Aug,2,32,620,Rudys,131923,17698,5847
8/11/2019,Aug,2,32,Lamar,Rudys,101941,17119,5437
8/11/2019,Aug,2,32,360,Rudys,184603,31543,9044
8/11/2019,Aug,2,32,Round Rock,Rudys,231910,41499,11192
8/11/2019,Aug,2,32,183,Rudys,212844,44713,9594
